3218 5116
148 338 269 406 lusca.
290 336 401 415 vrit]
622 395 623 400 ,
725 349 791 406 145

289 571 441 651 Crass.
471 567 562 650 111.
618 571 745 653 Snor.
774 573 812 652 Ι.
870 573 1025 677 Iuscn.
1049 577 1182 661 VIII.

502 707 594 822 run.
617 765 700 835 xxi,
723 717 828 837 xxu,
845 765 966 826 xxm.

526 929 556 962 ··
653 871 818 1036 4.—

142 1126 305 1192 Chandler.
326 1127 404 1192 Pars
420 1127 467 1192 ll.
486 1127 587 1194 Inscr.
602 1131 629 1194 l.
652 1131 831 1216 ,Wslpole
848 1131 944 1198 Tum.
957 1133 984 1199 Ι.
1004 1158 1037 1220 p.
1050 1107 1125 1201 580.
1154 1138 1336 1208 Schneider.

188 1241 219 1306 iu
234 1243 352 1306 Annot.
367 1243 405 1305 ad
421 1241 544 1332 Vitruy.
562 1241 727 1311 Tom.11.
748 1269 783 1330 p.
801 1247 878 1312 260.
923 1245 967 1312 G.
985 1247 1027 1312 Ο.
1040 1247 1170 1313 Miiller.
1189 1251 1219 1314 in
1233 1252 1340 1318 libello

188 1351 335 1437 singulari
348 1355 388 1416 de
406 1353 558 1419 Minervae
578 1355 717 1420 Poliadis
735 1361 870 1443 templo.
911 1358 1087 1444 (Gottingae
1109 1361 1222 1435 tuto.)
1236 1387 1269 1447 p.
1284 1365 1338 1428 46.

146 1523 241 1612 Hoc
267 1559 422 1610 marmor
446 1536 598 1609 abarce
618 1537 844 1612 Athenarum
868 1563 892 1609 a
914 1539 1123 1617 Chandlcro
1138 1542 1340 1628 devectum,

147 1689 242 1738 nunc
272 1667 308 1736 in
343 1663 476 1738 Museo
509 1663 722 1737 Britannico
756 1677 974 1740 asservatur.
1018 1666 1112 1740 Cum
1147 1670 1185 1740 in
1219 1641 1265 1744 eo
1297 1672 1342 1743 de

148 1797 345 1872 Erechthei
394 1797 647 1898 aedificatione,
686 1800 840 1896 ejusque
892 1801 1054 1897 partibus
1093 1785 1241 1901 agatur,
1284 1807 1345 1879 ille

149 1925 245 1998 aolus
293 1925 377 1998 satis
425 1925 607 2020 explicare
654 1937 775 2021 potest
806 1928 882 2023 ‚qui
938 1931 990 2000 rei
1040 1930 1345 2008 Architectonicae

150 2052 197 2126 sit
246 2053 490 2150 peritissimus.
569 2052 799 2126 Chundlerus
854 2055 1058 2127 versionem
1107 2081 1210 2130 suam
1255 2085 1345 2155 opus

150 2182 306 2269 difficile,
345 2183 401 2255 in·
421 2206 495 2280 quo
533 2182 601 2253 sibi
639 2180 706 2276 ipsi
748 2205 820 2252 non
855 2181 1061 2254 satisfacere
1097 2182 1265 2276 potuerit,
1307 2205 1346 2253 se

150 2311 334 2386 invenisse
384 2321 549 2395 testatur,
589 2320 626 2381 et
673 2307 876 2404 suspicatus
922 2319 977 2380 est
1019 2331 1087 2379 nec
1134 2331 1256 2380 veram
1293 2310 1347 2380 in·

152 2441 357 2537 scriptionis
376 2441 569 2514 lectionem
590 2462 657 2512 nec
677 2460 821 2510 sensum
842 2437 909 2510 sibi
929 2440 1097 2534 patuisse.
1141 2438 1213 2510 Sed
1232 2461 1348 2534 nuper

153 2581 299 2642 exortus
333 2580 389 2640 est
431 2566 632 2640 Gulielmus
670 2563 830 2636 Wilkins
872 2566 1113 2654 Architectus,
1154 2590 1236 2640 cum
1272 2549 1349 2640 suaa

155 2694 444 2794 elegantissimas,
485 2705 558 2764 tum
600 2687 761 2763 omnium
801 2690 1047 2765 liberaliorum
1088 2695 1219 2766 artium
1265 2717 1350 2787 per·
1401 2699 1403 2704 '

156 2824 335 2912 itissirnus,
364 2822 427 2920 qui
451 2831 606 2894 nostram
637 2820 909 2916 inscriptionem
935 2823 1184 2918 explicandam
1210 2846 1349 2896 summo

155 2982 236 3031 cum
272 2958 392 3029 fructu
425 2954 594 3048 suscepit.
646 2955 740 3026 Suos
765 2961 925 3034 ,conatus
957 2953 1073 3044 primo
1100 2954 1234 3044 publici
1254 2954 1350 3047 juris

155 3084 244 3158 lecit
271 3083 309 3154 in
337 3079 457 3153 libello
484 3079 658 3178 singulari
677 3080 741 3152 'cui
771 3079 893 3150 titulus
922 3077 1159 3150 Atheniensia
1172 3076 1197 3164 ¹3
1224 3089 1353 3173 postea

146 3227 277 3288 autem
334 3211 497 3304 pluribus
547 3212 643 3282 notis
700 3209 863 3308 Anglicis
918 3208 1098 3305 adjunctis
1150 3208 1188 3280 in
1246 3210 1352 3284 Wal-

152 3339 249 3440 ,potii
275 3337 379 3412 libro.
424 3341 609 3414 Praeterea
633 3365 678 3414 ex
703 3365 746 3412 ea
769 3363 841 3433 qua
867 3362 1009 3434 semper
1035 3349 1090 3410 est
1116 3339 1353 3428 humanitate,

160 3439 217 3546 in¹
238 3493 357 3544 meum
399 3495 504 3544 usum
545 3470 819 3565 inscriptionem
861 3468 992 3542 Latine
1034 3472 1150 3560 vertit,
1191 3497 1212 3544 e
1251 3472 1356 3569 cujus

162 3599 325 3694 vestigiis
380 3596 493 3670 rarius
551 3597 707 3682 discessi,
769 3623 838 3672 nec
891 3621 1049 3694 unquam
1100 3599 1168 3671 nisi
1221 3600 1357 3674 monito

164 3703 330 3804 lectore.
394 3727 536 3800 AEneus
585 3748 732 3822 quoque
774 3727 914 3801 tabulas
960 3751 1043 3823 quae
1087 3728 1196 3802 banc'
1221 3742 1360 3825 partem

164 3858 276 3932 libelli
321 3854 391 3928 mei
436 3861 631 3936 euornant,¹
664 3854 824 3950 ejusdem
871 3855 939 3928 viri
984 3857 1120 3954 insigni
1154 3851 1362 3932 liberalitati

167 3987 296 4058 debeo.
362 3983 472 4055 Anno
502 3976 665 4072 proximo
700 3977 748 4050 G.
778 3979 827 4050 Ο.
866 3979 1017 4066 Miiller',
1051 3981 1243 4053 Professor
1269 3980 1363 4051 Giit·

168 4113 360 4212 tingensis,
405 4107 574 4208 juvenis¹
602 4103 745 4220 eximias
792 4106 977 4198 doctrinae,
1019 4111 1170 4184 eandem
1215 4131 1363 4206 operam

169 4267 365 4344 aggressus
396 4247 462 4329 est,
492 4235 596 4334 cnjus
623 4233 715 4306 iiber
741 4257 814 4306 non
839 4233 926 4310 mihi
952 4237 1081 4314 allatus
1113 4249 1167 4314 est
1189 4235 1257 4310 nisi
1284 4246 1368 4332 post

628 4411 637 4441 ¹
657 4390 762 4469 Athen.
777 4429 805 4485 p.
825 4413 890 4474 19³.

748 4513 780 4576 T
