3150 5096
580 411 920 462 vvoaaouuavs.
1282 391 1355 466 lxxi

158 572 317 666 Eurupae
341 575 447 666 parte
475 575 679 642 contractus
708 577 820 664 atque
845 567 1067 664 conquisitus
1083 577 1216 662 praeter
1237 567 1355 664 ipsum

159 729 266 782 nemo
312 701 487 800 possidet,
532 702 678 776 eosdem
728 710 851 774 antem
897 724 1039 775 summo
1076 703 1197 776 lructu
1246 714 1358 799 atque

158 831 312 906 utilitate
356 829 524 905 refertos.
578 827 652 900 Sed
683 851 731 900 ex
765 829 933 903 omnibus
963 831 1088 904 amicis
1121 833 1223 923 meis,
1250 857 1358 907 nemo

158 969 259 1035 certe
285 958 393 1055 plura
419 957 456 1029 in
488 979 548 1029 me
575 955 764 1032 collocavit
792 957 972 1031 beneficio
1003 982 1111 1054 quam
1145 960 1231 1033 illud
1263 961 1358 1034 Aca-

160 1088 290 1161 demiae
305 1085 556 1160 Berolinensis
583 1086 706 1158 lumen
736 1097 845 1184 atque
875 1089 986 1161 decus
1009 1088 1200 1192 Augustus
1217 1091 1357 1164 Biickb.

160 1214 254 1288 Cum
293 1237 366 1312 ego
399 1237 510 1288 novas
550 1215 725 1308 quasdam
766 1214 1021 1310 inscriptiones
1051 1239 1133 1288 cum
1165 1217 1227 1289 illo
1261 1241 1360 1290 com·

162 1341 414 1431 municionem,
458 1347 532 1417 cito
573 1341 694 1417 effecit
734 1353 776 1415 ut
811 1345 848 1416 in
882 1343 943 1416 illu
979 1367 1119 1442 genere
1158 1369 1214 1418 me
1248 1346 1359 1445 longe
1404 1385 1419 1450 .'

162 1482 359 1567 superaret,
397 1495 466 1544 nec
499 1495 612 1546 novas
644 1481 785 1545 tantum
818 1472 1076 1569 inscriptiones
1103 1475 1359 1570 suppeditavit,

162 1600 225 1672 scd
262 1609 402 1673 veteres
438 1607 549 1694 atque
578 1608 683 1672 notas
724 1621 780 1684 ea,
815 1621 889 1693 qua
917 1601 955 1672 in
987 1601 1056 1674 hoc
1091 1626 1231 1700 genere
1265 1627 1360 1677 unus

165 1738 231 1814 est,
267 1727 444 1815 doctrina,
477 1727 664 1801 illustravit
677 1757 688 1814 ς
726 1753 785 1802 me
819 1751 917 1823 saepe
947 1740 1130 1804 errantem
1168 1733 1361 1817 revocavit,

164 1856 391 1930 dubitantem
409 1857 636 1932 confirmavit
646 1856 669 1930 ¹.
721 1858 764 1931 ln
789 1881 863 1953 quo
883 1881 1021 1956 genere
1045 1885 1194 1958 qnoque
1214 1872 1362 1958 quantae

166 1985 393 2082 Blomfieldio
409 2009 432 2058 a
451 2009 508 2058 me
528 1985 656 2084 gratias
671 1987 826 2084 agendae
845 1997 939 2076 sunt,
956 1990 1019 2086 qui
1034 1989 1208 2084 cumipse
1223 2014 1362 2064 summa

167 2111 342 2186 doctrinm
367 2112 447 2185 loca
474 2123 607 2200 teneat,
633 2125 670 2188 et
700 2113 866 2190 Athenas
893 2139 979 2190 vere
1010 2115 1150 2192 nobiles
1180 2121 1362 2194 ornandas

167 2252 294 2316 nactus
326 2245 383 2328 sit,
411 2267 503 2318 mess
535 2244 662 2317 humili
686 2245 864 2318 doctrinae
889 2255 926 2318 et
959 2243 1086 2321 leviori
1115 2249 1291 2336 materiei,
1317 2273 1364 2323 ex

167 2397 213 2446 ea
235 2396 310 2469 qua
333 2395 477 2470 semper
501 2385 558 2448 est
582 2398 671 2473 erga
694 2397 751 2448 me
778 2373 1046 2462 benevolentia,
1073 2375 1243 2471 opitulari
1270 2401 1363 2450 nun·

169 2527 276 2600 qnam
305 2503 429 2577 noluit.
481 2504 679 2604 ignoscant
707 2503 794 2576 mibi
825 2503 930 2576 velim
957 2504 1153 2577 doctissimi
1181 2504 1228 2576 illi
1254 2516 1363 2602 atque

169 2633 393 2706 celeberrimi
422 2632 502 2721 viri,
533 2631 670 2709 Praesul
703 2634 933 2708 venerandus
969 2633 1170 2730 Episcopus
1202 2635 1364 2708 Bristoli-

170 2764 276 2852 ensis,
299 2762 472 2836 Decanus
505 2762 821 2862 Peterburgensis‚
847 2774 885 2836 et
920 2763 1102 2861 Magister
1130 2761 1364 2859 dignissimus

170 2893 325 2992 collegii
362 2892 718 2977 Caio-Gunvillensia
751 2895 781 2965 si
815 2916 900 2990 ego,
936 2892 999 2989 qni
1031 2880 1137 2964 aliter
1168 2915 1362 2988 nequeam,

170 3023 206 3096 in
234 3025 305 3096 boc
330 3023 411 3096 loco
435 3046 630 3096 memorem
659 3033 813 3118 quantas
840 3021 910 3095 illis
928 3020 1063 3118 gratias
1087 3019 1241 3092 habeam
1271 3043 1364 3092 sem·

172 3177 310 3249 perque
338 3154 404 3224 sim
435 3152 624 3224 habiturus
653 3151 701 3222 ob
728 3148 896 3222 eximiam
924 3169 1049 3220 eorum
1078 3145 1115 3218 in
1140 3169 1198 3218 me
1227 3169 1364 3219 meum·

172 3307 242 3380 que
267 3281 425 3354 libellum
458 3276 761 3353 benevolentiam.
805 3274 973 3371 Syndicis
1005 3275 1165 3372 denique
1195 3275 1364 3350 omnibus

172 3407 267 3484 Preli
290 3407 501 3483 Academici
527 3431 585 3480 me
608 3430 715 3502 quam
735 3405 887 3478 maxime
904 3405 1117 3478 obstrictum
1136 3428 1216 3477 esse
1233 3406 1364 3487 fateor,

173 3567 253 3616 cum
288 3567 334 3616 ex
365 3565 421 3629 ea,
449 3562 522 3636 qua
555 3559 699 3632 semper
723 3545 809 3609 sunt
840 3534 1070 3620 liberalitate,
1105 3535 1204 3606 bunc
1232 3531 1363 3606 librum

173 3671 381 3745 Academia
406 3655 609 3766 sumptibus
631 3667 810 3740 edendum
836 3662 1053 3749 curaverint.

247 3801 291 3874 ln
315 3821 395 3874 meo
418 3797 542 3872 libello
565 3795 800 3894 perlegendo,
830 3791 1034 3866 meminerit
1051 3789 1186 3864 Lector
1202 3811 1260 3862 me
1279 3778 1365 3862 Col·

173 3928 315 4004 lectoris
344 3939 486 4002 tantum
516 3928 649 4012 laudes,
685 3949 814 4021 parvas
839 3924 985 4019 quidem
1015 3921 1094 3996 illas
1120 3928 1233 4018 atque
1259 3918 1365 4019 igno-

211 4169 301 4244 ¹Qui
332 4168 453 4228 Bdclhii
482 4169 687 4228 observationes
712 4167 741 4224 in
792 4162 1366 4243 magnumlnscriptionumnitsmtspero,
1483 4161 1487 4170 ’

174 4283 234 4322 mec
253 4261 349 4321 libello
367 4263 493 4337 perlegit,
514 4261 597 4320 facile
608 4259 745 4337 intelliget
794 4261 915 4320 Berulini
938 4259 1121 4338 prodituram)
1133 4257 1231 4318 edendi
1253 4255 1367 4318 deman·

173 4373 256 4430 quam
277 4361 353 4412 recte
371 4353 468 4412 iecerit
481 4354 637 4414 Academia
650 4353 744 4417 berol.
795 4355 876 4416 derit.

174 4467 235 4523 qure
262 4449 391 4510 llbckbio
420 4469 522 4511 munus
548 4469 648 4526 corpus
678 4450 746 4512 illud
