3196 5100
202 403 328 465 resen.
353 396 428 474 ru]
779 371 873 475 237'

202 565 332 662 viginti
346 575 467 637 eutem
480 585 589 636 neves
601 565 647 636 ed
666 563 900 656 Naupactum
917 558 1034 631 misere
1048 565 1143 628 sunt.
1171 558 1265 629 Cum
1278 566 1400 627 nutem

202 697 241 768 in
266 708 320 770 tot
347 697 497 772 navibus
518 695 768 790 comparandis
790 693 938 788 aliquod
961 691 1134 786 temporis
1161 692 1403 763 insumeretur

203 846 352 898 necesse
383 826 441 909 sit,
476 826 554 896 haec
581 823 711 922 viginti
745 824 885 912 talento,
910 823 1036 895 endem
1068 831 1148 892 esse
1176 827 1331 916 possunt
1359 839 1401 888 nc

201 955 263 1027 tua
296 979 378 1050 quoe
411 954 450 1026 in
487 954 660 1050 Prytanin
690 964 817 1049 quartu
848 962 1046 1026 memorate
1077 961 1173 1024 s'unt.
1227 951 1408 1047 Prytanin·

204 1084 300 1156 enim
324 1094 453 1177 querte
476 1108 500 1154 a
531 1085 711 1179 Pyeneps.
742 1083 918 1181 vigesimo
944 1092 1047 1155 sexto
1071 1082 1220 1174 (Octob.
1250 1081 1402 1153 undevi-

204 1210 361 1308 gesimo)
387 1211 524 1305 incepit
544 1221 581 1281 et
611 1212 658 1282 nd
682 1211 825 1282 Poseid.
855 1219 1024 1305 quartum
1050 1209 1166 1302 (Nor.
1188 1208 1401 1304 vigesimum

206 1341 386 1436 quintum)
416 1339 567 1412 duravit.
618 1339 711 1424 Ter,
734 1340 831 1412 tribu
850 1340 1068 1412 Antiochide
1094 1339 1310 1434 imperante,
1335 1362 1402 1410 nu-

206 1476 342 1537 memta
377 1476 433 1538 eet
469 1464 649 1560 pecunie;
686 1467 742 1540 bis
773 1468 811 1538 in
840 1468 1104 1562 Imperatorum
1129 1490 1260 1553 ,usum3
1292 1467 1403 1540 semel

205 1591 348 1664 navium
363 1592 409 1663 nd
419 1599 474 1663 Σι.
486 1644 495 1664 .
506 1644 516 1663 .
529 1592 834 1687 ,protectururum
846 1615 986 1678 course,
996 1593 1125 1666 diebus
1137 1615 1186 1664 sc.
1199 1593 1402 1676 undecimo,

206 1719 402 1791 tredecima
428 1731 464 1790 et
492 1718 666 1815 vigesima
695 1718 882 1814 Prytaniae
908 1729 1060 1805 octevae,
1087 1720 1109 1790 i.
1132 1741 1163 1790 e.
1194 1718 1322 1792 Martii
1344 1719 1404 1789 die

205 1856 397 1940 postremo,
414 1845 556 1940 ,Aprilis
571 1845 844 1922 autemdiebus
881 1845 989 1918 tertie
1014 1855 1051 1916 et
1085 1843 1258 1918 decime¹.
1312 1843 1405 1916 Hae'c

205 1973 338 2055 omnia,
367 1971 532 2044 Biickhio
550 1971 690 2066 judice,
722 1972 768 2040 ad
800 1982 1019 2063 postremam
1046 1973 1149 2044 illem
1185 1985 1223 2046 et
1260 1974 1405 2046 celemi-

204 2111 318 2173 tosem
351 2097 612 2168 Demosthenis
652 2095 919 2189 profectionem
948 2098 1151 2183 referende,
1186 2124 1281 2194 quae,
1316 2113 1356 2172 ut
1382 2127 1407 2172 n

207 2225 426 2321 Thucydide
448 2221 539 2297 ‘sotis
567 2225 712 2308 scimus,
739 2247 824 2296 vere
848 2223 935 2296 unni
961 2225 1187 2318 insequentis
1219 2229 1314 2302 facta
1329 2239 1403 2300 est.

207 2361 267 2430 An
304 2358 383 2429 hoec
411 2379 504 2430 reru
539 2357 621 2442 sint,
646 2356 828 2452 judicium
863 2353 910 2426 sit
939 2357 1140 2427 doctorum.
1194 2359 1276 2455 Ego
1306 2372 1404 2433 certe

206 2498 288 2584 post
325 2487 454 2560 multos
498 2497 651 2561 conatus
694 2487 731 2558 in
767 2486 855 2558 nihil
876 2487 1118 2560 ‘verisimilius
1155 2488 1276 2576 incidi,
1308 2490 1405 2585 quod

207 2645 357 2717 quoque
392 2626 437 2696 de
473 2648 512 2696 se
545 2624 623 2718 ipso
661 2624 825 2721 ingenue
862 2623 996 2696 fatetur
1031 2623 1214 2713 Gonnum,
1242 2627 1405 2723 quemvis

209 2749 361 2822 Biickhii
389 2752 564 2824 mtionem
593 2751 790 2845 improbet.

282 2875 375 2948 Cum
397 2875 612 2948 marmorio
636 2897 721 2945 erce
747 2877 977 2967 reperiretur,
1004 2889 1116 2972 atque
1143 2883 1248 2954 ineo
1272 2909 1405 2958 memo·

207 3014 307 3077 retur
330 3003 488 3097 pecunia
512 3001 731 3072 Athiothetis
758 3000 795 3070 iu
822 3024 926 3070 usum
955 3002 1284 3079 Panathenaeorum
1311 3013 1405 3098 datu,
1449 3089 1453 3096 ,

209 3129 270 3201 vix
302 3126 450 3198 dubium
484 3125 572 3220 quin
604 3124 672 3194 hoc
703 3143 811 3216 aeque
843 3145 887 3192 ec
922 3145 1078 3197 marmor
1109 3128 1406 3206 Choiseulianum

209 3264 278 3329 τῶν
300 3263 362 3341 τῆς
381 3263 465 3330 θεοῦ
486 3259 610 3338 ταμίαν
623 3252 728 3350 jussu
748 3250 1016 3326 inscriberetur.
1071 3255 1128 3327 Ite
1146 3281 1236 3355 ergo
1253 3258 1407 3334 fortasse

212 3385 335 3478 (modo
366 3393 507 3478 tempus
547 3381 614 3452 rite
648 3378 902 3472 constituetur)
937 3392 1101 3454 exortum
1137 3395 1204 3456 est.
1251 3387 1407 3473 Ἀθηναῖοι

211 3511 388 3596 ἀνήλωσαν
403 3511 458 3582 ἐπὶ
484 3505 626 3582 Πεισᾶνδ
648 3541 684 3578 ου
700 3506 1014 3604 ἄρχοντος--εῑ
1035 3524 1160 3606 postea
1176 3519 1293 3597 renim
1316 3521 1408 3613 ἱερῶν

211 3641 393 3737 χρημάτων
404 3681 504 3693 -·-
516 3642 570 3711 καὶ
589 3639 810 3733 ξυνάρχοντας
827 3636 1015 3734 παρέδοσαν
1033 3673 1064 3712 κ.
1075 3673 1110 3712 τ.
1124 3654 1158 3715 λ.

287 3773 330 3844 ln
374 3771 471 3844 linea
514 3773 675 3842 secunde
710 3770 938 3844 Chnndlerus
980 3772 1072 3871 legit
1106 3785 1407 3859 ΤεΝΑΔειΑΝ,

203 3897 310 3974 ‘Adero
341 3899 454 3972 varias
476 3897 762 3995 significationes
781 3900 902 3972 habet.
956 3901 1106 3976 “Liber
1134 3919 1355 3980 commeatus
1372 3920 1408 3981 et

205 4051 233 4097 n
267 4035 364 4098 metu
397 4023 593 4098 recuus².”
663 4023 729 4098 Vel
763 4025 999 4119 “Impunites
1032 4041 1120 4102 eta
1156 4056 1266 4128 poene
1300 4059 1405 4132 quem

254 4217 263 4248 ¹
285 4221 332 4280 ef.
346 4222 418 4278 Teb.
433 4231 489 4280 not
506 4228 530 4276 l.
546 4239 573 4294 p.
587 4217 656 4278 236.
839 4221 928 4297 Myst.
940 4244 968 4298 p.
981 4223 1010 4282 6.
1024 4221 1052 4284 8.
1068 4231 1115 4285 11.
1129 4231 1175 4287 12.
1190 4233 1236 4294 17.
1281 4229 1409 4291 Demost.

838 4335 864 4376 c.
883 4319 958 4378 Mid.
978 4339 1005 4393 p.
1025 4324 1095 4378 525.
1110 4327 1158 4380 2..
1181 4323 1279 4382 Paullo
1296 4326 1408 4384 diverse

254 4409 790 4488 'Hucfeciuntquaeedvoratssiick-
839 4411 1039 4484 significatione
1074 4416 1195 4474 occurrit
1221 4417 1299 4475 ἄδεια
1333 4423 1406 4494 apud

217 4502 291 4563 hius.
334 4504 522 4564 PlutPericl.
539 4514 589 4565 81.
633 4510 738 4568 Andoc.
755 4509 789 4564 de
841 4507 925 4580 Soph.
943 4507 1010 4568 OEd.
1027 4509 1315 4586 Col.4t7.(Elrnsi.)
