3204 5104
235 392 307 464 lxvi
647 417 1003 470 raoaaoouaus.

237 573 296 648 cui
320 571 548 648 Taurinense
573 573 786 671 adjungitur
811 582 923 669 atque
946 571 1230 649 vindobonense
1255 573 1435 668 (Veronae

241 706 365 798 1749).
419 705 519 780 Huic
546 704 737 806 subjicitur
766 705 915 804 Sylloge
945 705 1230 800 inscriptionum
1257 707 1436 783 variarum

239 858 321 907 cum
352 831 492 908 eximiis
519 834 735 930 quibusdam
766 831 908 906 Maffeii
935 831 1239 928 disputationibus
1268 835 1315 906 de
1343 859 1439 910 mar·

240 965 401 1040 moribus
423 965 675 1053 Nointeliano‚
711 965 904 1042 Leucataeo
936 975 1048 1060 atque
1077 965 1168 1038 aliis.
1214 965 1285 1038 llic
1315 965 1439 1042 forsan

240 1095 427 1170 Mazochii
463 1095 600 1168 mentio
633 1095 831 1194 injicienda
865 1106 931 1180 est,
973 1092 1037 1191 qui
1074 1091 1217 1190 ingenti
1255 1093 1440 1168 volumine

239 1220 399 1316 Neapoli
422 1247 496 1293 aa.
519 1232 627 1308 17⁵4.
655 1220 754 1296 edito
775 1218 950 1315 quicquid
979 1221 1024 1296 de
1051 1219 1183 1292 tabulis
1211 1219 1440 1294 Heracleen-

241 1353 341 1426 sibus
357 1352 428 1426 dici
447 1351 576 1446 potuit,
594 1349 696 1422 dixit.
711 1395 716 1404 «
743 1351 849 1444 Opus
866 1373 954 1422 sanc
970 1351 1129 1435 doctum,
1146 1351 1209 1424 sed
1226 1349 1262 1420 in
1281 1348 1442 1422 minutiis

240 1481 432 1578 prolixum.
473 1480 657 1554 Praeterea
690 1480 736 1552 de
769 1479 870 1551 omni
912 1477 1028 1552 scibili
1072 1478 1109 1550 in
1151 1480 1221 1551 hoc
1259 1479 1442 1552 uolumine

242 1611 397 1709 scripsit,
426 1612 489 1705 qui
514 1609 651 1682 scilicet
676 1611 722 1683 de
745 1608 899 1706 Magnae
924 1609 1081 1682 Graeciae
1102 1607 1263 1698 historia,
1305 1608 1443 1705 Pytha·

242 1763 437 1840 goreorum
467 1741 504 1810 in
531 1739 636 1812 ltalia
651 1751 746 1827 ortu,
764 1739 957 1836 primitive
977 1737 1093 1812 Italica
1111 1737 1257 1826 linibus,
1287 1736 1442 1834 singulis

246 1869 399 1968 Magnae
421 1867 580 1942 Graeciae
607 1868 823 1958 civitatibus,
837 1871 925 1969 jure
948 1868 1235 1965 Municipiorum
1258 1869 1442 1954 universo,

246 2001 403 2087 Hermia,
433 1998 568 2073 Calatis
597 2001 762 2090 comitiis,
793 2014 831 2075 et
853 2003 975 2076 nescio
1001 2002 1089 2097 quid
1110 2011 1296 2098 praeterea,
1319 2002 1442 2096 dispa-

246 2129 388 2203 taverit.
440 2129 512 2202 Sed
532 2117 627 2203 inter
650 2153 776 2204 omnes
794 2130 1021 2204 Morinorum
1039 2131 1237 2203 coactores
1257 2153 1375 2216 nemo,
1403 2138 1444 2200 nt

248 2257 398 2348 videtur,-
435 2257 548 2331 nobili
594 2257 642 2329 illi
688 2256 894 2346 Naniorum
927 2258 1031 2356 genti
1071 2259 1252 2354 praestitit,
1287 2282 1469 2355 quorum.

250 2387 421 2460 Museum
440 2387 547 2459 bodie
566 2387 728 2460 Venetiis
747 2400 856 2462 extat.
904 2391 998 2480 Quae
1014 2413 1235 2488 congessere
1253 2415 1442 2479 marmora,

249 2536 292 2584 ea
320 2537 463 2609 semper
486 2514 569 2586 viris
591 2514 741 2586 eruditis
770 2515 983 2610 explicanda
1013 2529 1050 2591 et
1084 2520 1225 2592 edenda
1252 2519 1443 2593 tradidere.

252 2646 370 2735 Quem
411 2642 616 2716 Naniorum
653 2667 801 2732 morem,
844 2645 926 2740 quis
952 2646 1046 2722 liber
1077 2649 1186 2721 homo
1213 2648 1445 2742 (eonomine

250 2779 401 2879 dignus)
431 2799 502 2849 non
528 2776 740 2849 imitandum
768 2777 920 2852 censet?
947 2777 1020 2866 Qui
1045 2801 1234 2866 marmora,
1261 2777 1319 2851 vel
1352 2801 1445 2849 mar·

251 2934 389 2985 morum
436 2908 646 3006 apographa
691 2907 885 3002 conquirit,
923 2918 965 2979 ut
1004 2907 1100 3003 apud
1134 2930 1174 2979 se
1212 2915 1342 2993 servet,
1377 2927 1446 2977 nec

252 3064 334 3114 cum
361 3037 528 3112 omnibus
553 3036 808 3123 communicet,
834 3037 863 3110 is
887 3060 1020 3132 pueros
1045 3047 1083 3108 et
1103 3036 1301 3131 crepundia
1324 3047 1444 3133 petat;

252 3173 387 3270 dignus
434 3181 531 3241 certe
573 3169 636 3265 qui
673 3168 784 3264 longe
823 3193 846 3239 a
882 3178 981 3242 coetu
1024 3169 1213 3242 doctorum
1264 3168 1444 3267 abigatur.
1481 3245 1486 3258 ,

253 3293 370 3370 Nanii
407 3304 532 3365 contra
575 3292 671 3362 baud
713 3294 944 3368 collectorum
985 3295 1174 3392 gloriolam
1215 3297 1447 3391 aucupaban-

253 3435 325 3510 tur,
363 3419 425 3491 sed
460 3417 582 3490 omnia
622 3442 704 3491 com
739 3421 853 3494 doctis
887 3421 1213 3505 communicabant,
1252 3431 1293 3494 ut
1325 3421 1447 3495 literas

254 3552 497 3650 proveherent
531 3559 568 3622 et
597 3549 748 3624 literatis
780 3553 1057 3648 opitularentur.
1109 3552 1166 3624 Ex
1200 3576 1324 3626 eorum
1356 3577 1447 3652 ergo

254 3709 391 3771 museo,
427 3691 561 3779 praeter
599 3683 727 3755 multas
772 3682 1025 3778 inscriptiones
1064 3683 1160 3778 apud
1202 3681 1447 3758 Muratorimn

252 3828 290 3890 et
329 3814 432 3898 alios,
476 3833 541 3883 saa
589 3812 738 3884 omnino
783 3813 1015 3906 desumpsere
1063 3807 1252 3884 Passerius
1300 3809 1447 3904 (Osser-

255 3946 395 4023 vazioni
442 3966 550 4038 sopra
598 3943 721 4014 alcuni
771 3941 995 4014 monumenti
1040 3941 1100 4014 del
1150 3939 1284 4014 Museo
1331 3937 1446 4026 Noni,

255 4072 546 4173 Venet.17·59)‚
590 4070 806 4143 Paciaudius
856 4069 1116 4166 (Monumenta
1167 4068 1447 4164 Peloponnesia,

259 4201 486 4292 Rom.1761)
533 4210 570 4273 et
606 4199 757 4299 Biagias
791 4199 1051 4291 (Monumenta
1119 4199 1308 4284 Graecae
1345 4197 1447 4274 Mus.

117 4392 121 4398 .
168 4339 172 4348 ’
258 4333 388 4408 Jacobi
434 4328 561 4418 Nanii,
609 4330 716 4402 Rom
740 4331 862 4421 1785.)
926 4329 1008 4402 Alia
1056 4351 1205 4425 quoque
1252 4350 1363 4423 opera
1403 4349 1450 4400 ex

259 4465 385 4538 eodem
419 4463 519 4535 fonte
552 4457 812 4554 profluxerunt.
874 4455 1031 4547 Horum,
1073 4481 1131 4532 me
1163 4451 1305 4554 j'udice,
1344 4455 1450 4531 facile
