3204 5104
804 402 830 475 6
1223 397 1374 500 [Cursu.
1393 405 1423 474 Ι.

212 586 298 659 satis
338 582 535 658 ostendunt
575 604 620 654 es
654 605 737 678 quse
776 579 981 654 Meursius¹
1021 602 1043 652 e
1082 576 1266 652 Psussnii
1306 587 1419 675 utque

217 714 413 788 Plutarcho
459 709 656 810 congessit.
724 707 943 784 Puussniss²
996 709 1094 783 enim
1137 709 1176 781 in
1226 706 1422 806 Prytaneo

221 841 437 916 Atheniensi
491 851 615 916 extare
665 865 740 916 non
783 852 925 914 tuntum
977 841 1140 916 Deorum
1197 840 1260 912 sed
1312 838 1422 910 etism

220 970 405 1044 hominum
455 970 658 1058 simulacra,
706 967 886 1066 Autolyci,
931 968 1106 1042 Miltiadis
1157 979 1195 1040 et
1246 965 1420 1040 Themis·

219 1101 323 1174 tociis
345 1101 516 1188 ostendit,
544 1115 581 1176 et
609 1100 844 1176 Plutarchus³
872 1100 982 1174 etism
1019 1098 1262 1174 Democharis
1295 1096 1421 1195 giudic

220 1237 371 1310 accincti
400 1248 553 1312 stetusm
582 1249 765 1311 memoret.

294 1365 404 1440 Extat
425 1390 572 1464 quoque
598 1365 823 1464 Epigrsphe.
838 1362 970 1436 latins
996 1373 1205 1457 pervetusta
1230 1359 1305 1457 qui
1321 1361 1419 1434 donc

220 1519 336 1591 prope
358 1497 484 1570 cedem
514 1496 765 1594 Rheginorum
791 1494 987 1591 Prytsnaeo
1016 1491 1215 1565 Erreniunr
1234 1491 1419 1587 quondum

218 1635 433 1700 testamento
463 1626 605 1726 legasse
639 1625 792 1698 truditur
822 1648 906 1721 quse
941 1621 1167 1696 Phsnodicns
1203 1621 1325 1721 Sigeis
1354 1631 1421 1693 sut

219 1759 316 1832 duno
339 1757 440 1832 dedit
464 1769 528 1832 sut
552 1759 721 1856 legsvit⁴.

219 1895 263 1960 Τ.
294 1894 459 1962 Erseuius.
485 1894 525 1959 Τ.
552 1896 589 1962 F.
617 1897 751 1962 Sabinus
777 1895 890 1960 Tririr.
936 1897 1012 1960 AEd.
1047 1894 1122 1958 Pot.
1150 1893 1198 1958 Π.
1233 1903 1423 1958 testamento

270 2008 384 2096 legavit
403 2009 625 2096 Municipibus
643 2010 773 2095 Reginis
777 2051 883 2084 .....
895 2011 927 2074 in
946 2011 1109 2092 Prytaneo
1136 2021 1268 2072 statuam
1290 2006 1421 2072 AEresm

270 2124 436 2208 Mercurii,
478 2125 600 2190 trullam
642 2139 819 2210 argenteam
866 2127 1077 2210 srrsgiyptnm,
1116 2123 1214 2196 Lsrcs
1256 2135 1422 2206 argenteos

270 2253 403 2326 septem,
416 2241 478 2306 icc.

295 2361 390 2434 Cum
425 2370 549 2434 autem
589 2358 776 2434 Bentleius
809 2371 923 2458 neget
954 2361 1154 2434 orationem
1190 2359 1420 2458 Epigrephes

221 2493 268 2564 cd
292 2501 445 2564 statuam
473 2487 674 2562 Phsnodici
704 2491 885 2584 respicere
911 2515 1030 2586 posse,
1059 2502 1097 2565 et
1123 2515 1232 2565 voces
1254 2523 1351 2584 καγω
1375 2493 1426 2564 nti

221 2621 393 2720 poculum
440 2620 538 2716 quod
589 2616 823 2692 Phanodicus
866 2616 966 2692 dedit
1007 2620 1217 2694 referendas
1260 2622 1421 2706 suadeat,
1532 2674 1539 2693 .

222 2752 356 2826 oblitus
387 2760 443 2824 est
475 2751 530 2824 sir
569 2773 740 2838 summus,
779 2760 819 2822 ut
852 2774 936 2824 vere
967 2751 1198 2836 Chishuilius‚
1232 2752 1350 2824 redire
1383 2751 1421 2824 in

224 2883 394 2980 sequenti
423 2881 587 2954 membro
610 2880 754 2952 extrudi
786 2879 897 2953 visum
927 2904 1119 2976 personam
1149 2894 1195 2964 et,
1222 2882 1311 2954 notit
1338 2883 1424 2955 velit

169 3091 171 3094 ,
225 3012 449 3097 emendator,
472 3011 508 3082 in
536 3033 624 3082 soce
653 3017 814 3087 ΕΔΟΚΑ
843 3009 1008 3110 inteliigi.
1068 3011 1214 3084 Oblitus
1240 3021 1296 3084 est
1313 3013 1423 3085 etism

226 3149 370 3246 quoties
401 3148 439 3220 in
474 3148 714 3222 marmoribus
746 3159 865 3222 stutue
895 3161 932 3221 et
957 3159 1113 3244 'persona
1143 3151 1423 3228 confunduntur.

227 3279 273 3350 ln
300 3301 481 3354 marmore
507 3281 603 3378 apud
630 3261 844 3351 curtium
865 3279 1080 3353 Atheniensi

445 3471 450 3484 ·
527 3422 703 3500 Πόλνλλος
730 3423 911 3496 Πολῦλλον
940 3424 1093 3503 [laureis

319 3553 455 3627 Ἕικονα
481 3550 571 3636 τήνδ’
599 3555 736 3642 ἀνέθηκε
758 3557 1009 3654 Πολύστρᾶτος
1034 3559 1135 3630 αὑτοῦ
1160 3554 1322 3656 ἀδελφόν.

230 3702 314 3778 Nec
339 3701 444 3776 aliter
468 3701 630 3814 loquitur
656 3707 700 3778 de
727 3705 781 3780 his
807 3706 915 3780 rebus
943 3707 1171 3781 Pausanias⁶.

274 3979 282 4007 ¹
305 3979 413 4036 Meurs.
428 3980 533 4037 Athen.
549 3984 612 4040 Att.
629 3983 652 4041 1.
667 4002 692 4040 c.
704 3989 731 4044 8.
897 3982 908 4012 ⁵
929 3983 1028 4044 Clark.
1050 3984 1114 4042 ltin.
1139 3986 1290 4045 Tcm.V1.
1314 4008 1342 4064 p.
1357 3988 1428 4049 ³66.

271 4105 429 4164 spausan·
446 4107 550 4167 v.15.
573 4110 655 4167 Lm·
857 4078 938 4152 (tivo.
963 4078 1031 4156 Ed.)
1088 4079 1135 4141 Cf.
1173 4098 1280 4156 quoque
1312 4081 1427 4140 Gruter.

856 4192 884 4246 p.
915 4191 1068 4234 uxcvrrr.
1125 4177 1273 4236 Prideaux.
1318 4177 1425 4236 Marm.

269 4229 281 4258 ³
302 4227 427 4288 Plutus
447 4231 473 4286 X
490 4229 573 4291 Rhet.
588 4232 616 4288 in
632 4233 782 4288 Demosth.
856 4267 951 4328 Oxum
966 4287 995 4343 p·
1010 4277 1080 4343 302,
1092 4277 1121 4330 3,

270 4356 281 4387 ¹
303 4355 441 4416 Morisan.
455 4360 562 4418 Murus.
580 4360 678 4434 Regin.
694 4379 722 4433 p.
733 4357 800 4418 266.
891 4359 902 4390 ⁶
923 4363 1083 4446 ΤιέςὬριιε
1096 4367 1237 4438 ἐποίησεν.
1288 4369 1371 4425 l‘sus.
1387 4367 1415 4422 V
1418 4409 1425 4426 .

233 4455 344 4511 Gruter.
360 4469 504 4512 ccxxiv.
522 4459 549 4518 7.
854 4465 899 4524 17-
