3218 5116
828 421 895 499 178
999 363 1004 376 ·
1210 407 1355 509 [Canas.
1374 415 1435 482 ΙΙΙ.

251 611 361 685 multa
388 622 493 686 acute
522 621 558 681 et
585 607 734 682 solerter
761 606 957 704 explicasse
976 605 1120 694 fatetur,
1139 629 1217 680 rem
1234 609 1433 683 universam

249 747 345 819 haud
385 745 602 818 successisse
642 743 840 830 contendit,
887 749 912 784 ‘⁸
931 739 979 814 ob
1013 739 1227 837 imperitiam
1261 741 1431 816 sermonis

249 877 385 966 Graeci,
401 891 439 950 et
459 877 557 974 quod
573 877 619 950 ad
638 897 822 950 mensuras
838 874 961 972 templi
979 895 1052 947 non
1074 895 1218 970 semper
1242 875 1432 974 respexit.''

249 1007 387 1080 Vellem
407 1003 599 1094 Miillerus,
613 1008 698 1079 dum
716 1004 754 1078 in
773 1003 963 1078 Britannia
979 1013 1191 1090 versaretur,
1205 1005 1322 1102 ipsum
1339 1005 1431 1079 wil-

248 1139 405 1214 kinsium
432 1139 579 1213 adiisset
593 1167 603 1228 ;
644 1139 742 1238 quod
770 1138 801 1211 si
828 1137 984 1226 lecisset,
1012 1161 1058 1212 ea
1088 1161 1171 1235 quae
1199 1136 1340 1224 dixerit,
1370 1139 1433 1210 im-

250 1271 379 1348 merito
398 1295 478 1346 esse
494 1270 590 1346 dicta
613 1269 863 1358 concessisset,
890 1281 1002 1368 atque
1025 1269 1119 1343 idem
1138 1268 1369 1366 quantumin
1390 1293 1433 1342 eo

249 1405 328 1481 viro
346 1404 430 1478 insit
453 1404 637 1490 doctrinae,
663 1413 837 1502 quantum
864 1401 1067 1502 elegantiae,
1084 1409 1258 1498 quantum
1276 1400 1432 1498 denique

248 1535 410 1610 omniurn
427 1535 602 1634 bonarum
620 1533 750 1608 artium
775 1533 883 1607 studii
908 1544 1018 1631 atque
1038 1529 1180 1614 amoris,
1201 1530 1308 1607 facile
1330 1531 1432 1606 intel-

248 1665 402 1739 lexisset.
453 1663 538 1739 Nec
573 1665 697 1738 dubito
731 1663 808 1737 lore
841 1674 881 1737 ut
914 1665 993 1738 haec
1026 1663 1132 1737 nimis
1166 1663 1298 1737 acerbe
1328 1661 1431 1745 dicta,

247 1795 415 1869 idoneam
446 1793 750 1892 opportunitatem
783 1807 924 1883 nactus,
956 1794 1034 1892 ipse
1064 1793 1244 1869 Miillerus
1278 1794 1435 1895 corrigat

246 1923 336 1998 etin
355 1922 481 1998 melius
499 1933 624 1998 vertat.
678 1925 786 2015 Quod
813 1937 933 1999 autem
957 1923 1137 1998 Mitllerus
1162 1923 1249 1998 dicit
1275 1921 1432 1998 Wilkin-

247 2057 340 2132 sium
366 2058 413 2131 ad
440 2079 626 2132 mensuras
651 2055 776 2155 templi
809 2081 883 2132 non
914 2041 1054 2154 semper
1081 2055 1296 2154 respexisse,
1322 2056 1359 2133 iu
1388 2077 1431 2130 eo

246 2190 337 2272 adeo
365 2199 473 2276 errat,
500 2199 541 2262 ut
570 2212 633 2262 eas
658 2189 753 2286 ipsas
774 2185 1018 2284 inscriptionis
1043 2188 1234 2264 verborum
1261 2186 1432 2285 iuterpre-

246 2321 402 2396 tationes
427 2318 726 2419 quasMiillerus
754 2318 923 2416 proferat,
951 2341 1048 2416 saepe
1079 2317 1246 2418 rejecerit
1276 2317 1433 2395 wilkin-

246 2454 333 2543 sius,
356 2453 454 2552 quod
477 2474 558 2524 cum
593 2449 770 2524 mensuris
801 2449 925 2545 templi
950 2451 1046 2526 haud
1071 2473 1273 2548 congruere
1297 2448 1433 2524 viderit.

247 2581 466 2658 Wilkinrius
494 2579 639 2677 quidem
657 2601 782 2652 omnes
800 2581 921 2676 templi
947 2591 1068 2677 partes
1091 2582 1169 2679 ipse
1198 2604 1343 2657 mensus
1366 2593 1433 2668 est,

246 2711 351 2809 cujus
376 2709 430 2783 rei
457 2708 577 2784 forsan
608 2707 788 2783 Mtillerus
805 2710 936 2782 oblitus
954 2721 1021 2784 est.
1073 2711 1257 2788 Praeterca
1274 2711 1436 2800 Miilleri,

246 2842 399 2939 quoda
433 2838 632 2915 Wilkinsio
672 2840 791 2928 didici,
837 2841 1152 2938 interpretationes
1183 2845 1318 2942 saepius
1352 2869 1432 2920 oum

246 2971 398 3047 Stuartii
424 2969 600 3047 mensuris
626 2973 722 3047 haud
749 2983 969 3072 congruunt.
1023 2973 1212 3072 lapidum,
1235 3001 1270 3050 e.
1288 3002 1327 3076 g.
1345 3001 1437 3074 quos

245 3103 414 3180 Plinthos
443 3103 622 3204 appellatl
648 3129 734 3179 vera
759 3105 947 3206 longitudo
971 3105 1082 3180 multo
1109 3108 1223 3208 major
1251 3122 1306 3185 est
1327 3133 1434 3207 quam

245 3236 380 3312 referat
401 3235 599 3334 inscriptio.
652 3234 867 3310 Notandum
889 3247 943 3310 est
966 3237 1002 3310 in
1019 3236 1183 3312 hocloco
1203 3238 1433 3328 Viacontium,

246 3367 310 3466 qui
326 3365 462 3464 primus
480 3390 554 3465 quo
572 3347 676 3464 pacto
704 3367 844 3440 numeri
869 3368 916 3441 ad
941 3368 1032 3443 latus
1047 3369 1219 3468 adscripti
1236 3371 1434 3472 explicandi

246 3497 411 3576 venirent
440 3495 584 3594 publice
618 3497 807 3594 explicavit
817 3497 839 3586 ²,
876 3499 1060 3574 Willrinsii
1105 3500 1435 3600 interpretationem

289 3794 298 3824 ¹
320 3795 366 3854 De
380 3795 481 3852 horum
502 3793 626 3872 lapidum
650 3793 818 3870 longitudine
870 3794 904 3850 da
933 3793 1101 3866 Chandlero,
1124 3815 1157 3854 ea
1182 3815 1238 3872 qua
1263 3817 1371 3874 semper
1395 3809 1440 3856 est

246 3897 322 3951 tacet
344 3888 457 3948 omnino
480 3889 629 3950 Miillerus.
680 3887 724 3950 Cl.
747 3888 838 3946 inus
870 3893 1043 3954 humanitate
1082 3904 1111 3952 et
1142 3894 1287 3972 elegantia
1335 3903 1355 3930 “
1369 3897 1438 3956 Nou

247 4007 274 4064 p.
304 3987 370 4042 182.
398 4002 426 4041 n.
461 3983 546 4058 Apud
567 3982 720 4042 Stuartium
743 3981 818 4055 longi
869 3989 980 4048 intendo
1013 3991 1144 4068 derogare
1169 4001 1254 4068 punto
1284 3989 1313 4048 al
1338 3989 1440 4049 merito

244 4093 312 4160 sunt
338 4087 355 4140 5
377 4078 455 4154 ped,
469 4079 499 4137 in
513 4077 699 4160 inscriptione
724 4087 818 4136 autem
868 4082 939 4142 delle
959 4085 1060 4162 insigni
1080 4085 1182 4144 fatiche
1210 4084 1253 4143 del
1283 4085 1360 4145 dotto
1388 4085 1441 4145 idi-

245 4181 331 4250 μῆκοι
353 4175 529 4256 corporales
552 4174 584 4254 (i.
597 4192 624 4234 e.
637 4179 735 4252 aot).
759 4194 818 4235 esse
867 4188 937 4250 tore,
959 4182 1073 4259 giacclre
1093 4181 1118 4242 si
1140 4191 1261 4258 procoso
1278 4182 1334 4260 egli
1350 4190 1439 4244 stesso

247 4273 383 4331 dicuutur.
499 4353 503 4362 .
868 4275 1049 4353 diproporre
1078 4289 1176 4356 questa
1204 4277 1331 4357 epigrafa
1359 4298 1440 4338 coam

286 4367 298 4396 ¹
331 4369 457 4428 Viscont.
495 4367 570 4426 Mus:
614 4366 817 4426 Pio-Clamant.
868 4381 992 4446 soggetto
1039 4373 1066 4435 di
1113 4375 1220 4436 erudita
1264 4374 1440 4454 insangui-

248 4465 406 4528 Tom.1V.
432 4487 458 4546 p.
474 4471 521 4536 89.
564 4464 673 4544 Inque
697 4464 755 4525 loco
779 4467 819 4525 ita
868 4466 944 4529 one.'’
