3204 5104
222 390 310 462 lxxii
665 403 1012 456 raocaoorraua

220 566 324 652 biles,
358 559 520 660 quamvis
554 582 686 656 magno
719 558 844 631 labore
876 565 1027 652 emptas,
1067 553 1253 654 aucupari.
1317 561 1415 657 Apo·

220 695 357 794 grapba
373 699 541 764 accurata
565 713 630 784 pro
654 689 845 773 mendosis,
872 711 983 761 unum
1001 687 1059 762 vel
1081 688 1234 761 alterum
1253 689 1413 765 libellum

219 843 285 915 pro
316 817 476 912 plurimis
511 815 670 913 ingentis
702 815 805 888 molis
825 816 925 888 libris
955 839 1035 890 eum
1071 815 1289 892 Lectoribus
1319 843 1418 892 com·

218 948 402 1020 muniente
426 945 543 1032 volui;
572 970 640 1018 nee
657 945 830 1043 quicquid
850 958 1028 1041 praeterea
1046 949 1131 1020 feei.
1178 948 1222 1019 ln
1240 949 1421 1024 minutiis

218 1073 377 1171 prolixus
405 1096 485 1145 esse
513 1073 624 1159 nolui,
651 1095 719 1144 nee
750 1072 878 1170 longas
905 1074 951 1144 de
980 1074 1087 1146 rebus
1111 1073 1274 1146 obscuris
1303 1085 1418 1171 atque

218 1201 420 1276 difficilibus
444 1201 715 1274 dissertationes
737 1199 918 1270 infercire.
971 1196 1093 1270 Multa
1118 1197 1200 1270 loca
1228 1201 1417 1274 aeaeteris

220 1332 354 1418 relicta,
395 1330 498 1426 plura
538 1355 561 1400 a
605 1328 746 1400 caeteris
777 1338 939 1414 tractata,
980 1351 1051 1423 ego
1097 1328 1231 1400 intacta
1272 1329 1417 1425 reliqui.

220 1461 338 1534 Satius
363 1458 459 1532 enim
489 1458 574 1529 duxi
604 1468 737 1544 tacere,
765 1481 872 1553 quam
904 1479 1038 1528 errare.
1088 1454 1173 1530 Nee
1201 1457 1418 1530 Colleetoris
1478 1485 1481 1492 ·

221 1611 349 1662 munus
375 1584 599 1660 ertdillieilia
623 1584 817 1680 explicare,
842 1588 905 1656 sed
927 1583 1048 1656 ‘multa
1075 1585 1237 1683 ejusdem
1268 1585 1417 1683 generis

219 1719 256 1791 in
286 1715 440 1788 eundem
467 1714 584 1786 locum
614 1715 840 1798 contrahere,
869 1724 910 1787 ut
939 1701 1054 1810 (quod
1091 1714 1168 1810 ipse
1201 1714 1324 1786 forsan
1354 1735 1418 1786 ne-

220 1849 344 1941 queat)
390 1842 456 1915 viri
495 1841 593 1914 docti
630 1842 700 1914 alia
739 1841 891 1914 aliorum
928 1866 998 1938 ope
1042 1843 1235 1916 illustrent.
1301 1841 1416 1915 Plura

219 1977 364 2074 quidem
400 1998 508 2070 quam
541 1977 670 2048 deceat
692 1976 728 2046 in
759 1976 829 2046 boe
855 1975 948 2048 libro
964 1977 967 1984 '
986 1979 1114 2049 menda
1149 1979 1415 2076 typographica

221 2104 353 2178 Lector
385 2101 553 2199 reperiet.
614 2103 723 2192 Quod
756 2110 877 2175 tamen
911 2103 1011 2191 mibi,
1039 2106 1135 2176 baud
1170 2103 1415 2205 typographo,

221 2234 306 2307 vitio
341 2233 560 2304 vertendum
588 2241 654 2304 est.
720 2229 776 2302 Ea
809 2231 955 2326 quidem
989 2255 1055 2326 per
1084 2231 1227 2327 aliquot
1263 2255 1440 2318 menses.

220 2373 346 2457 postea
381 2383 489 2455 quam
522 2358 615 2430 liber
648 2359 686 2430 in
722 2360 802 2456 ejus
836 2382 963 2430 manus
995 2358 1147 2430 traditus
1181 2368 1289 2441 esset,
1324 2358 1417 2431 vale-

221 2491 345 2565 tudine
384 2512 470 2561 usus
506 2512 585 2560 sum
620 2498 662 2559 ut
696 2487 923 2561 Correetoris
957 2501 1078 2583 partes
1109 2489 1170 2563 vix
1203 2499 1241 2561 et
1275 2514 1322 2562 ne
1355 2489 1415 2562 vix

221 2619 367 2716 quidem
392 2618 569 2690 sustinere
596 2639 751 2713 possem,
778 2639 848 2688 nee
869 2616 957 2688 mihi
982 2618 1021 2687 in
1042 2639 1127 2688 rure
1150 2617 1299 2714 degenti
1323 2639 1414 2711 prae-

222 2765 276 2826 sto
311 2752 381 2823 fuit
420 2751 556 2822 amicus
589 2749 756 2846 aliquis¹,
797 2751 860 2846 qui
895 2752 932 2822 id
966 2773 1096 2823 muuus
1130 2751 1233 2822 obire
1267 2758 1388 2845 posset
1400 2777 1412 2836 ς

221 2911 244 2956 a
269 2881 506 2980 cantabrigia
528 2894 565 2955 et
586 2883 814 2980 typographo
836 2881 949 2978 longe
973 2881 1144 2967 aberam;
1172 2881 1250 2954 aliis
1267 2882 1413 2976 quidem

222 3011 379 3111 negotiis
403 3011 596 3106 implicitus
627 3034 729 3095 sum;
770 3008 853 3080 libri
881 3009 1042 3103 denique
1069 3008 1180 3096 multi,
1214 3011 1415 3106 dequibus

223 3152 306 3238 post
325 3140 455 3213 multos
480 3150 630 3212 mustus
645 3141 930 3234 desperaveram,
957 3138 1053 3208 inter
1071 3137 1348 3231 imprimendum
1369 3138 1415 3210 ad

224 3297 281 3346 me
304 3272 401 3344 allati
425 3270 535 3343 libelli
557 3271 628 3342 mei
653 3272 815 3343 ordinem
836 3268 1045 3356 turbabant,
1069 3279 1107 3340 et
1129 3272 1250 3343 omnia
1277 3283 1415 3344 mutare

142 3438 145 3446 ·
222 3400 412 3498 cogebant,
442 3401 538 3496 quod
573 3401 667 3472 idem
698 3401 743 3472 de
775 3400 899 3494 paucis
936 3420 1085 3493 quoque
1120 3399 1415 3494 inscriptionibus

224 3529 415 3602 dicendum
436 3536 501 3598 est.
557 3526 650 3615 Quae
672 3527 793 3598 omnia
821 3525 926 3598 velim
954 3525 1089 3596 Lector
1113 3548 1236 3598 seeum
1259 3538 1414 3623 reputet,

224 3674 261 3734 et
291 3661 501 3735 Salmasium
532 3661 647 3757 (enjus
679 3661 788 3733 verba
833 3657 1027 3731 Coronidis
1060 3658 1141 3730 loeo
1172 3659 1329 3753 profero)
1369 3661 1415 3733 de

224 3795 294 3865 bae
334 3797 460 3867 eadem
502 3817 540 3865 re
579 3794 787 3888 loquentem
832 3791 966 3862 audiat.
1019 3789 1153 3861 “Dum
1197 3789 1296 3862 aliud
1332 3814 1415 3890 ago,

208 3924 309 4008 ,dum
327 3945 492 4018 propero,
518 3924 601 3994 dum
620 3921 848 4020 gravioribus
866 3911 943 3992 stim
962 3919 1173 4014 occupatus,
1201 3919 1253 3991 sie
1279 3919 1416 3993 factum

224 4065 280 4127 est
312 4063 354 4125 ut
390 4077 519 4127 cavere
544 4055 604 4127 vix
633 4053 812 4150 potuerim
843 4075 891 4122 ne
927 4049 1011 4122 talia
1046 4049 1159 4122 multa
1197 4047 1417 4143 imprudenti

223 4182 511 4282 incogitantique
532 4183 749 4270 exciderent,
778 4204 862 4278 quae
879 4180 967 4252 mibi
990 4191 1118 4267 vacuo,
1146 4189 1184 4252 et
1206 4181 1275 4254 hoe
1303 4165 1417 4254 unum

265 4355 273 4384 ¹
296 4357 464 4418 Beneficium
484 4363 591 4438 insigne
613 4363 642 4418 in
670 4379 715 4418 me
740 4358 795 4415 eol·
846 4361 919 4422 J.C.
931 4361 1019 4432 blare,
1040 4361 1133 4418 cuiob
1146 4360 1416 4436 Prolegomenacor-

225 4450 328 4510 locavit
362 4455 537 4514 doctissimus
571 4453 677 4512 amicus
715 4470 793 4509 mous
846 4463 921 4513 reeta
935 4453 1086 4529 plurimum
1101 4467 1152 4527 ego
1165 4452 1259 4510 debeo.
