3222 5104
633 457 865 512 rernunrx.
1264 436 1337 514 ³77

192 643 285 710 quem
302 641 452 710 sequutus
470 624 513 688 ita
526 623 702 687 restituam:

204 728 439 787 AOANATON
468 723 743 786 KLEOXHOIAE
769 715 1323 779 olLENnEPIHATPIAEeENTO

241 820 302 884 i-e.
351 812 525 884 Ἀθάνατον
550 813 646 884 κλέος
671 805 736 880 olle
762 811 867 904 φίλην
891 805 968 898 περί
992 795 1125 895 πατρίδ’
1151 797 1282 873 ἔθεντο.

192 915 340 1000 Sequitur

265 1012 303 1077 V.
315 1023 346 1078 2.
370 1019 606 1080 ΣΕΜΑΙΝΕΝ.

192 1108 275 1174 Duae
301 1123 464 1193 postremae
490 1111 585 1175 litere
609 1120 759 1173 vetustate
782 1108 883 1170 adesae
902 1116 985 1183 sunt,
1008 1103 1051 1168 ita
1074 1116 1186 1178 tamen,
1213 1115 1248 1165 ut
1263 1101 1334 1185 dig·

192 1205 278 1270 nosci
296 1209 398 1272 adhuc
414 1209 545 1294 possint,
575 1205 715 1292 inprimis
733 1194 902 1267 E¹.-·Eat
918 1201 1012 1286 igitur
1028 1197 1336 1269 indoctae-Quis

192 1317 295 1368 autem
312 1305 468 1370 indicabat
479 1321 511 1370 et
528 1305 624 1390 quid?
647 1304 770 1386 Pugna,
785 1301 926 1379 arbitror,
946 1299 1019 1376 vim,
1039 1298 1182 1362 virtutem
1199 1299 1332 1361 defunc·

193 1415 295 1464 torum
319 1403 459 1467 hostibus
481 1401 737 1487 conspiciendam
763 1397 911 1462 exhibuit.
963 1397 1058 1461 Hanc
1080 1395 1241 1461 sententia
1260 1417 1336 1457 nna·

190 1497 305 1581 logiam
325 1514 475 1587 sequutus
493 1499 613 1565 restitui

292 1604 515 1661 {EMAINEN
542 1605 599 1661 ΔΕ
626 1599 748 1658 ΜΑΧΕ
774 1599 1075 1656 ΔΥΣΜΕΝΕΕΣΣΙ
1103 1597 1202 1654 BlEN

192 1693 210 1756 i.
224 1716 252 1755 e.
293 1693 453 1771 Σημαῖνεν
478 1685 513 1760 δὲ
536 1687 633 1785 μοίχη
658 1680 870 1765 δυσμενέεσσι
896 1683 985 1773 βίην.

269 1789 308 1854 V.
327 1801 358 1857 ³.
388 1797 681 1857 ΚΑΙΠΡΟΛΟΝΟ.

185 1887 271 1952 Post
284 1889 425 1954 ultimum
438 1897 466 1954 0
481 1894 595 1956 ductus
605 1889 746 1953 nonnulli
760 1888 790 1951 in
802 1909 954 1952 marmore
968 1903 1130 1972 apparent,
1153 1887 1206 1973 qui
1219 1902 1335 1966 tamen,

191 2009 254 2070 quo
270 1988 482 2071 pertinuerint,
509 2012 570 2051 non
586 2000 681 2071 patet.
726 1983 798 2048 Fuit
820 2000 924 2049 autem
943 2007 1033 2048 casus
1050 1986 1161 2070 aliquis
1180 2009 1217 2048 ex
1237 1989 1337 2047 nro-

192 2089 326 2148 AONOI
351 2097 383 2146 et
409 2088 560 2170 majorum
585 2083 719 2167 aliquam
738 2080 1067 2145 commemorationem
1083 2081 1116 2145 in
1134 2103 1222 2144 versu
1241 2080 1335 2143 fuisse

188 2193 330 2263 apparet.
385 2181 536 2244 Omnium
555 2177 793 2242 Atheniensium
815 2176 925 2241 animia
951 2177 1121 2242 inhaerebat
1145 2169 1249 2260 iinago
1278 2176 1338 2238 vir-

159 2261 167 2276 ·
195 2276 267 2339 tutis
285 2275 377 2348 illius,
398 2301 459 2362 qua
477 2280 610 2363 majores
627 2279 666 2339 ad
681 2275 879 2353 Marathona,
905 2273 1073 2351 Salamina,
1092 2287 1185 2358 atque
1203 2274 1338 2337 Plataeas

182 2389 418 2458 pugnaverant.
472 2374 589 2444 Quavis
608 2372 776 2437 occasione
794 2393 901 2434 eorum
926 2369 1022 2453 gloria
1036 2373 1251 2435 celebrabatur
1268 2373 1340 2433 lau·

191 2471 283 2536 dibus
302 2487 332 2534 et
355 2471 464 2534 virtute
482 2487 631 2554 nepotum
652 2471 776 2533 aemula.
832 2467 928 2531 Nulla
952 2467 1045 2550 igitur
1065 2468 1218 2532 sententia
1242 2468 1339 2552 magia

83 2573 87 2580 '
191 2569 262 2633 huic
277 2571 348 2632 loco
365 2583 449 2653 apta,
469 2593 562 2652 quam
579 2567 661 2644 illos,
680 2565 733 2652 qui
751 2568 789 2628 ad
808 2565 984 2630 Potidaeam
1002 2564 1134 2629 victores
1151 2563 1339 2645 ceciderant,

195 2669 304 2730 eodem
320 2689 384 2753 quo
403 2669 536 2753 majores
555 2665 657 2729 animo
674 2687 842 2750 pugnasse.
897 2662 1007 2747 Itaque
1032 2662 1150 2728 restitui

193 2787 266 2844 ΚΑΙ
284 2784 519 2845 ΠΡΟΛΟΝΟΝ
533 2787 621 2844 TON
639 2783 791 2842 θΥΜΟΝ
808 2785 879 2840 ENI
893 2785 1097 2843 ΣΤΕΘΕΣΣΙ
1113 2786 1334 2844 ΦΕΡΟΝΤΕΣ

241 2879 262 2942 i.
276 2901 305 2942 e.
361 2875 426 2942 Καί
451 2871 628 2966 προγόνων
653 2871 714 2940 τᾶν
735 2868 832 2953 θνμόν
857 2867 903 2941 iul
927 2873 1094 2952 στήθεσσι
1120 2869 1293 2966 φίροντες.

271 2989 311 3052 V.
329 2999 361 3052 4.
389 2995 523 3052 NIKEN
545 2993 595 3051 ΕΥ
614 2993 844 3050 ΠΟΛΕΜΟΜ.

198 3083 324 3150 Ultimae
352 3085 447 3151 literae
472 3109 544 3170 pars
566 3100 698 3164 tantum,
724 3087 777 3146 sed
806 3107 843 3146 ea
865 3107 966 3168 neque
984 3084 1096 3167 exigua
1119 3107 1222 3170 neque
1246 3086 1342 3150 dubia

197 3183 344 3248 infracto
363 3183 466 3267 lapide
484 3185 589 3262 haeret,
617 3197 650 3246 ut
666 3183 833 3246 Viscontus
849 3199 911 3244 uon·
930 3181 1001 3244 Iota
1015 3179 1076 3245 hoc
1093 3184 1165 3266 loco
1182 3182 1343 3248 debuisset

197 3283 300 3344 edere.
356 3277 566 3344 Restitueram

297 3401 432 3458 NlKEN
461 3404 513 3460 ΕΥ
540 3395 1036 3461 nonEMOMAPNAMENo1
1065 3401 1266 3461 KAOELON

199 3489 221 3552 i.
235 3514 263 3554 e.
302 3491 406 3570 Νίκην
424 3482 461 3557 eri
476 3490 612 3580 πολέμῳ
626 3492 823 3582 μαρνάμενοι
839 3489 990 3567 irridebor,

197 3603 293 3668 falsus
311 3605 340 3669 in
359 3611 552 3687 HOAEMO,
577 3610 661 3694 quod
679 3633 740 3673 non
756 3602 890 3692 πολέμῳ
907 3611 960 3671 sed
973 3623 1092 3673 tantum
1110 3601 1257 3685 πολέμου
1273 3629 1341 3672 erae

198 3716 314 3784 posset.
344 3703 533 3789 Exemplum
547 3711 631 3792 quod
643 3731 681 3770 ex
694 3729 846 3770 marmore
862 3705 891 3768 N
894 3703 1063 3770 ointeliano
1076 3706 1230 3790 potuisset
1239 3705 1341 3770 afferri

526 3811 579 3866 EN
605 3811 660 3867 TO
688 3811 800 3869 ΑΥΤΟ
824 3809 1010 3866 ΕΝΙΑΥΤΟ

234 3977 416 4040 ¹Viseontus
444 3985 494 4055 uit,
531 3983 747 4055 ΣΕΜΑΙΝΕΙ,
798 3996 962 4044 monstrent.
1005 3987 1104 4063 Neque
1124 4005 1174 4060 ego
1201 3987 1230 4042 in
1258 3988 1349 4060 prima

192 4059 266 4146 quod
285 4061 380 4133 edidit,
401 4063 563 4122 distinctum
584 4083 644 4123 esse
666 4077 746 4138 atque
797 4065 916 4122 editione
947 4065 1082 4122 debebam
1117 4065 1347 4124 ΣΕΜΑΙΝΟΝ

192 4147 343 4214 integrum.
386 4141 440 4198 Sed
460 4143 547 4201 literae
569 4143 598 4200 N
628 4145 745 4216 angulus
797 4145 940 4201 restituere
960 4144 1137 4220 primumque
1150 4143 1288 4214 distichon
1309 4145 1350 4202 ita

192 4217 318 4351 illepidi&
335 4220 372 4356 iii
387 4239 528 4357 matrrpore
546 4223 645 4358 baemfi'
663 4223 747 4358 pineis
797 4223 957 4298 disponere:

290 4314 335 4354 rec
375 4317 426 4366 ‚u
476 4319 586 4360 ormam
674 4323 747 4360 uisse

374 4393 537 4452 'Ada'rowv
556 4394 633 4456 κλίοε
653 4399 709 4456 οἵδε
733 4401 901 4480 pinnirapi
921 4402 1045 4480 πατρίδα
1068 4401 1160 4461 olna

417 4475 557 4544 Σημαΐιον
578 4475 720 4562 σφετέρην
741 4477 920 4552 δυσμενέεσσι
941 4480 1016 4556 βίην.

739 4585 864 4662 ee,
