3188 5102
169 431 295 497 Insca.
320 425 380 505 tu]
752 431 823 507 289

170 601 263 696 ριίινι
281 602 321 684 ἑμ
338 606 420 671 πᾶσι
442 604 514 675 τοῖς
530 601 543 694 Η
563 595 677 690 ἄγωσι
702 596 980 692 ἀπραγμοσύνην,
1006 598 1059 666 rai
1077 595 1108 666 τ’
1122 592 1215 668 ἄλλα
1228 593 1292 666 ὅσα
1310 595 1363 665 καὶ

169 737 240 808 τοῖς
252 731 266 828 Η
279 729 395 804 ἄλλοις
415 730 582 825 προξένοις
596 732 649 800 καὶ
667 727 863 823 εὐεργέταις
881 725 944 797 τοῦ
962 727 1049 822 'mpod
1065 727 1118 797 uni
1140 733 1202 798 riis
1219 725 1364 819 πόλιοςιΙΙ

245 859 318 943 Res
357 881 440 951 quae
479 857 514 926 in
555 857 625 926 hoc
666 855 811 925 decreto
850 862 1070 924 memoratur
1102 854 1260 951 vulgaris
1300 862 1365 924 est.

171 982 300 1079 Legati
331 1004 380 1054 sc.
415 982 559 1054 domum
595 980 800 1064 redeuntes,
830 978 987 1072 aliquem
1024 980 1061 1050 in
1098 982 1187 1054 urbe
1220 981 1258 1052 iu
1293 1004 1366 1077 qua

170 1133 320 1183 munere
347 1133 414 1180 suo
445 1109 683 1197 sanctisunt,
715 1110 910 1205 degentem
945 1109 1096 1182 laudant
1125 1112 1174 1182 ob
1206 1109 1365 1208 insignia

169 1237 303 1334 ejusin
332 1259 371 1308 se
395 1258 573 1331 suamque
596 1235 776 1306 civitatem
805 1231 942 1304 merita.
995 1233 1069 1304 Sed
1093 1236 1189 1306 hano
1215 1234 1366 1328 iuscrip-

168 1367 303 1440 tionem
328 1377 382 1439 tot
410 1365 550 1438 mendis
576 1377 726 1458 tamque
752 1364 859 1436 foedis
886 1385 1085 1457 respersum
1111 1365 1210 1437 dedit
1236 1363 1366 1436 Mara·

168 1493 281 1567 torius
310 1505 352 1567 ut
380 1518 425 1567 ex
455 1493 533 1564 aliis
560 1492 722 1586 partibus
754 1490 843 1562 nihil
876 1513 1006 1564 eruere
1032 1493 1175 1588 possim,
1210 1517 1257 1566 ex
1286 1493 1365 1566 aliis

168 1621 254 1692 nihil
273 1621 340 1692 nisi
363 1621 476 1716 longe
502 1644 523 1689 a
541 1618 726 1689 literarum
745 1617 855 1688 ductu
879 1619 1096 1692 recedendo.
1150 1620 1226 1693 Tot
1241 1631 1364 1697 autem

167 1747 370 1846 hujusmodi
401 1750 547 1820 decreta
590 1757 733 1832 extant,
770 1755 811 1818 ut
851 1746 888 1817 in
931 1749 1151 1846 corrigendo
1187 1750 1246 1824 vix
1287 1750 1364 1822 falli

168 1883 357 1976 possimus.
412 1879 503 1969 Quae
542 1881 601 1951 hic
642 1879 810 1950 innuitur
845 1877 1006 1952 Theoria
1042 1883 1250 1954 mittebatur
1293 1882 1364 1956 nisi

166 2009 269 2082 failor
302 2011 348 2081 ad
382 2010 604 2080 Antiochum
643 2005 872 2101 Epiphanem
908 2011 954 2078 ad
989 2009 1184 2104 Daphnen.
1239 2011 1364 2084 Ludos

166 2142 260 2212 enim
294 2163 375 2212 curn
417 2140 490 2209 illic
526 2137 770 2209 celebraturus
810 2148 916 2223 esset,
955 2141 1097 2234 legatos
1131 2145 1177 2214 ad
1217 2167 1363 2215 omnem

165 2265 347 2336 Graeciam
368 2263 462 2334 misit
477 2263 540 2358 qui
557 2259 706 2331 Graecos
723 2263 769 2330 ad
785 2261 888 2331 ludos
906 2274 1079 2334 vocarent
1091 2265 1114 2335 ⁴.
1169 2265 1225 2336 ltti
1243 2278 1362 2338 nutem

166 2405 236 2463 tam
266 2390 477 2485 frequentes
502 2411 706 2462 convenere
729 2399 769 2460 ut
796 2399 970 2461 trecentae
1001 2363 1108 2483 piene
1134 2393 1287 2466 theoriae
1316 2397 1363 2466 ad

168 2519 348 2614 Daphnen
376 2515 653 2590 concederent⁵.
706 2515 867 2604 Quodsi
899 2514 1017 2587 minus
1049 2518 1161 2591 cuivis
1190 2520 1361 2614 placebit,

167 2653 287 2724 forsan
328 2650 505 2748 cogitabit
547 2652 593 2721 de
637 2647 795 2722 Theoris
835 2651 881 2722 ad
925 2652 1147 2726 Antiochum
1189 2656 1361 2730 adulandi

165 2779 279 2878 gratia
314 2779 439 2862 missis,
475 2780 600 2852 eodem
646 2779 752 2850 modo
773 2795 865 2873 'quo
904 2778 950 2846 ab
997 2780 1280 2858 Atheniensibus
1313 2787 1359 2857 ad

166 2909 427 2984 Demetrium⁶.

163 3144 234 3205 tant,
255 3134 302 3190 sed
316 3151 334 3188 a
352 3140 516 3190 caeterarum
537 3131 621 3186 ductu
642 3127 734 3186 litera·
785 3133 932 3212 προεδρίας
959 3139 1129 3217 ἐξαιρέτους.
1178 3145 1263 3217 Apud
1291 3148 1357 3204 Mu.

163 3245 226 3284 mm
245 3225 328 3282 nimis
339 3223 443 3280 recedit
456 3223 516 3278 baec
530 3240 587 3278 vox
600 3241 685 3297 quam
705 3234 735 3279 nt
784 3229 917 3285 raterium
953 3241 1031 3289 extat
1068 3257 1167 3291 πανιαν
1204 3261 1356 3318 sarpam

162 3339 225 3378 eam
239 3321 307 3376 dare
319 3318 448 3375 audeam.
480 3317 653 3373 hiurutorius
666 3317 734 3393 legit
784 3331 843 3365 rou
863 3308 988 3380 α’γωνοιε.

163 3413 356 3493 θευροδοκιαν
374 3437 430 3470 των
448 3411 477 3468 δε
496 3413 602 3468 Πυθιων
616 3435 660 3467 και
683 3435 733 3467 σο·
821 3417 1067 3494 ’mmmmm
1108 3421 1191 3480 Hanc
1210 3441 1269 3481 fem
1288 3422 1354 3480 gljbi

162 3535 274 3589 τηριων.
317 3507 445 3566 Procliva
470 3515 514 3566 est
540 3507 630 3582 legere
658 3507 733 3564 θεω·
783 3523 969 3570 memoratam
984 3515 1060 3571 haud
1074 3517 1142 3575 vidi,

161 3599 275 3679 podom‘p
290 3625 324 3659 τε
346 3603 403 3658 τᾶν
417 3603 523 3660 Πυθίων
545 3600 589 3657 καὶ
611 3602 732 3678 σωτηρῖ-
825 3623 837 3656 a
858 3626 1005 3683 postrema
1015 3630 1088 3702 apud
1099 3629 1289 3688 Mummium
1297 3631 1351 3689 hoc

162 3723 207 3755 av.
260 3698 315 3756 Sed
340 3697 432 3754 nescio
459 3715 494 3754 an
529 3699 564 3752 ab
588 3695 730 3753 Antiocho
781 3719 865 3778 modo
882 3721 1008 3782 eduntur·
1031 3748 1075 3779 aaa
1089 3725 1117 3780 r’

162 3793 218 3850 iudi
243 3791 298 3850 illis
326 3793 487 3850 nominibus
515 3793 634 3868 insignes
660 3790 730 3848 cele·

1130 3735 1204 3781 αλλα
1220 3749 1350 3784 torcamo

161 3890 317 3947 limentur·
356 3888 438 3955 Qlffld
456 3889 480 3944 Εἰ
502 3887 613 3956 scirem·
641 3887 730 3944 mei·
780 3932 867 3964 καισει
882 3934 960 3988 παρα
976 3935 1028 3967 τας
1042 3923 1150 3968 πολιοῦ.

160 3997 233 4134 §ppt
250 4001 286 4038 an
314 3983 420 4055 phrasis
446 3983 499 4037 ista
525 3983 594 4039 bene
626 3983 729 4038 Grraca
766 4011 777 4038 ·.
820 4019 898 4078 ⁴Cf.
933 4021 1031 4097 polyb·
1064 4013 1137 4097 φά
1167 4023 1274 4082 Athen·
1308 4025 1346 4082 v,

201 4193 210 4224 ι
232 4171 382 4250 προεδρίαν
402 4172 436 4240 ἐμ
452 4171 524 4226 πᾶσι
547 4178 606 4227 roir
628 4170 727 4241 α’γῶσι.
780 4138 807 4192 p'
819 4124 898 4284 ⁶¹33
909 4119 955 4238 ,ς’
1077 4232 1087 4248 .

146 4301 149 4310 Δ
162 4261 247 4320 Haud
268 4264 363 4321 dubito
383 4263 448 4338 quin
467 4281 502 4320 ex
521 4262 656 4322 Herodoti
669 4281 731 4320 ver·
887 4228 974 4286 ’Μ
988 4248 1017 4302 Ρ·
1034 4234 1100 4296 ¹9³·
1114 4229 1153 4286 Α·

162 4358 204 4414 bis
222 4359 292 4434 (Vi.
307 4362 372 4437 57.)
393 4361 466 4417 hunc
481 4359 575 4417 locum
596 4367 670 4417 recte
686 4361 734 4416 de·
821 4351 833 4382 ⁶
855 4353 999 4413 Plutarch·
1016 4355 1076 4412 νὴ·
1092 4353 1220 4414 θθῐῦθῑῑ·
1234 4373 1262 4430 Ρ·
1278 4361 1346 4423 893·

164 4451 262 4510 derim.
305 4455 361 4512 Καὶ
389 4455 417 4512 ἒν
444 4464 519 4514 τοῖσι
546 4455 636 4527 α’γόσι
663 4457 733 4511 πᾶσι
784 4453 824 4510 Α.

922 4557 992 4619 Oo

780 3836 824 3868 και
839 3836 898 3869 rou
916 3813 1012 3872 α’λλοις
1027 3816 1173 3893 προξενοις
1186 3841 1229 3874 και
1241 3823 1350 3898 drapum
1456 3843 1460 3848 ·
