3176 5094
600 383 949 434 rnotssconsrta.
1277 384 1370 434 mv

177 556 197 634 (
218 559 284 632 per
309 551 339 615 <
366 535 496 610 imitati
511 545 604 608 sunt.
646 536 837 624 Quomodo
855 536 911 608 vel
926 558 1000 631 quo
1018 544 1180 629 tempore
1197 532 1365 606 effectum

166 667 211 738 sit
241 668 346 762 apud
379 665 540 752 Latinos,
573 675 613 737 ut
648 666 727 737 lraec
761 665 876 748 litera,
903 666 938 737 vi
971 662 1118 759 propria
1150 662 1292 748 amissa,
1329 663 1364 736 in

167 793 285 866 lucum
305 791 476 864 elementi
496 797 525 862 K
549 790 677 886 partim
696 790 842 885 (partim
862 789 1032 862 elementi
1053 785 1113 880 Sl)
1140 789 1362 876 succederet,

168 924 319 996 minime
356 922 532 1020 intelligo.
583 921 627 992 ln
663 921 793 992 tabulis
834 918 1064 1016 Eugubianis
1098 929 1196 990 certe
1228 924 1258 989 C
1289 919 1362 990 viin

167 1053 316 1128 Gnacae
334 1061 365 1124 Κ
383 1054 506 1138 habet,
521 1064 559 1124 et
575 1051 712 1148 liquido
731 1052 780 1124 ibi
799 1061 898 1122 extat
911 1051 1015 1122 litera
1035 1056 1081 1120 G.
1118 1048 1227 1138 Quod
1243 1058 1363 1120 tamen

168 1184 204 1254 in
238 1183 369 1279 lingua
406 1181 538 1254 letina
568 1204 640 1254 non
676 1180 745 1252 nisi
783 1180 896 1251 multo
931 1189 1056 1274 postea
1088 1176 1256 1249 effectum
1295 1191 1361 1262 ast,

168 1311 199 1382 si
215 1311 388 1382 Diomedi
407 1320 445 1382 et
459 1312 579 1381 adhuc
596 1309 833 1405 amplioribus
857 1307 1010 1380 testibus
1034 1305 1243 1380 adhibenda
1262 1305 1362 1378 tides.

167 1435 381 1508 Notandum
407 1445 463 1506 est
479 1427 713 1532 Knightium¹
732 1435 882 1528 primam
904 1433 1055 1506 formam
1072 1433 1225 1529 hujusce
1246 1429 1361 1502 litera

168 1576 301 1636 rectam
332 1585 412 1636 esse
437 1563 572 1638 lineam
608 1573 617 1634 t
652 1574 789 1658 putare.
842 1563 898 1634 lta
924 1561 1083 1658 quidem,
1109 1570 1149 1632 ut
1181 1559 1238 1632 ille
1266 1583 1362 1644 vare,

168 1691 203 1764 iu
223 1691 347 1764 tabula
370 1689 549 1764 Petiliana
565 1692 744 1764 scribitur.
796 1691 852 1762 Ex
871 1693 937 1762 bac
954 1692 1051 1766 linea
1067 1691 1263 1788 paullulum
1282 1714 1364 1764 cur·

167 1831 245 1892 ruta
290 1819 422 1892 iactam
469 1843 549 1892 esse
590 1831 802 1916 sequentem
845 1820 996 1892 formam
1034 1820 1160 1892 statuit
1206 1820 1260 1890 vir
1297 1818 1361 1892 ccl.

169 1955 304 2027 Eadem
336 1955 451 2026 forma
469 1954 505 2026 in
535 1977 683 2026 nummo
710 1955 866 2050 quodam
898 1954 1147 2052 Agrigentino
1170 1953 1329 2026 occurrit
1340 1959 1362 2022 ².

242 2103 352 2174 Delta
369 2103 428 2175 vix
446 2101 593 2174 dubium
610 2101 698 2197 quin
714 2100 887 2196 imprimis
904 2103 1029 2174 eodem
1043 2103 1151 2174 modo
1168 2125 1242 2196 quo
1255 2103 1361 2172 bodie

167 2225 369 2300 efficeretur
395 2226 475 2314 (D).
517 2224 625 2296 Hanc
653 2225 806 2298 formam
833 2225 1033 2319 reperimus
1061 2224 1098 2296 in
1126 2224 1361 2296 marmoribus

170 2359 347 2431 larissaeo
380 2370 417 2432 et
452 2358 676 2455 Wrayisno;
713 2370 752 2430 et
784 2357 821 2430 in
863 2357 952 2430 Elea
982 2358 1104 2430 tabule
1136 2367 1246 2454 atqua
1283 2359 1361 2434 aliis

169 2489 384 2583 pervetustis
428 2489 580 2560 formam
620 2487 705 2560 huic
741 2486 934 2583 gemellam
974 2510 1023 2558 sc.
1072 2501 1121 2573 t>;
1161 2489 1361 2562 mutatione

169 2618 296 2690 eodem
327 2618 433 2688 modo
464 2637 514 2688 sc.
546 2616 642 2690 facta
669 2638 743 2709 quo
778 2615 799 2690 (
837 2615 874 2686 in
907 2628 939 2692 <
970 2618 1186 2689 mutabatur.
1239 2618 1361 2690 Latini

170 2743 237 2832 bic,
273 2754 315 2816 ut
341 2742 381 2814 in
409 2741 488 2814 aliis
517 2741 646 2826 literis,
681 2765 789 2838 quam
823 2741 972 2814 formam
1002 2742 1040 2812 in
1074 2741 1213 2814 ltaliam
1244 2752 1360 2816 trans·

169 2871 339 2951 tulerant,
367 2893 447 2942 eam
476 2867 680 2951 retinuere;
719 2869 816 2939 unde
851 2891 917 2940 nos
947 2866 1150 2940 derivantes
1177 2851 1358 2940 literarum

170 3000 382 3073 Graecarum
408 2999 541 3072 formas
565 2998 836 3094 antiquissimas
863 2999 1049 3070 habemus.

245 3144 382 3216 Literae
417 3151 430 3214 1
466 3143 502 3214 in
541 3144 796 3216 vetustioribus
838 3141 1132 3238 inscriptionibus
1166 3141 1360 3239 aliquando

170 3266 284 3338 forma
308 3265 457 3338 omniuo
482 3289 506 3336 a
529 3267 710 3340 communi
740 3269 881 3340 diversa
905 3267 1096 3363 reperitur,
1121 3295 1169 3342 sc.
1203 3276 1224 3348 ξ
1250 3271 1305 3344 vel
1324 3277 1359 3350 5.

171 3389 320 3464 Haecin
337 3389 459 3462 tabula
488 3389 669 3462 Petiliana
696 3391 824 3483 (Class.
844 3417 887 3464 ιι.
916 3392 1164 3483 inserirur),
1191 3407 1227 3466 et
1257 3395 1361 3492 galea

170 3521 324 3613 quadum
345 3519 555 3615 Olympiaca
581 3517 714 3611 (Clusa.
737 3545 778 3592 ιι.
813 3522 925 3594 lnscr.
949 3523 1021 3612 ιιι.)
1045 3521 1276 3616 conspicitur,
1302 3523 1362 3596 ills

171 3648 206 3719 in
223 3673 308 3723 ruse
328 3648 581 3722 Dodwelliano
601 3648 728 3744 (Class.
749 3674 789 3724 ιι.
815 3649 1050 3739 Inscr.v111.)
1094 3647 1197 3719 Prior
1214 3672 1359 3746 quoque

170 3778 283 3850 forma
312 3778 351 3850 in
382 3777 536 3850 nummis
574 3775 854 3864 Poseidoniacis,
877 3777 1035 3863 Siriacis,
1063 3789 1099 3866 et
1129 3777 1358 3854 Cauloniacis

170 3909 325 3980 occurrit
335 3905 359 3979 ³.
962 3895 966 3902 ⁵

243 4051 352 4140 Quod
379 4049 599 4122 elementum
628 4050 789 4122 lambda
806 4050 950 4138 attinet,
977 4052 1093 4127 forma
1119 4055 1359 4130 vetustissima

210 4273 220 4304 ¹
241 4291 359 4365 Knight.
374 4293 408 4348 de
421 4291 509 4368 Alpb.
521 4295 615 4352 Graec.
625 4311 652 4367 p.
663 4299 691 4350 t.
830 4294 841 4325 ³
861 4293 998 4356 Mionnet.
1012 4292 1084 4354 Tab.
1099 4313 1217 4356 xxxn.
1239 4295 1295 4355 No.
1313 4301 1357 4362 19.

213 4387 224 4416 ¹
243 4387 608 4448 MionnctTeb.xxx111.
626 4387 681 4448 No.
694 4393 740 4454 79.
792 4393 839 4448 21.
856 4393 904 4449 25.
918 4393 965 4448 44.
