3218 5116
777 375 846 452 172
1183 367 1332 450 [Cusas.
1356 363 1417 432 lli.

303 553 458 628 “Venio
484 553 530 623 ad
556 547 793 634 anthemium,
821 546 881 618 cui
906 565 1039 616 nomen
1066 565 1216 615 suume
1245 561 1418 616 marmore

207 683 443 764 'vindicari¹.
510 681 578 753 Est
625 690 725 752 torus
767 673 987 748 minusculus
1033 672 1129 746 inter
1179 673 1341 744 canalem
1383 684 1420 745 et

229 821 413 902 echinum,
438 815 501 911 qui
517 812 621 885 lineis
649 811 744 881 ihter
771 831 810 879 se
837 804 1032 901 complexis
1059 813 1096 875 et
1122 803 1418 885 discurrentibus,

229 943 423 1042 superioris
443 943 555 1014 instar
577 940 615 1010 in
641 938 739 1033 spira
765 933 845 1020 tori,
872 933 1051 1006 obductus
1077 939 1141 1003 est.
1195 929 1267 1019 Qui
1285 930 1436 1014 torulus,

231 1098 312 1148 cum
338 1071 498 1145 canalem
516 1078 553 1142 et
576 1067 745 1140 echinum
762 1062 943 1160 aptissime
964 1063 1061 1134 inter
1077 1085 1139 1134 eos
1157 1061 1417 1157 conjungeret:

231 1201 339 1276 etiam
365 1200 402 1271 in
433 1196 559 1294 priscis
584 1195 712 1267 lanum
744 1191 885 1287 templis
911 1190 1091 1262 adhibitus
1117 1199 1207 1274 erat,
1232 1199 1344 1285 atque
1373 1189 1420 1260 ob

232 1333 316 1407 serti
362 1329 518 1427 speciem
560 1344 772 1421 pancarpus
817 1322 932 1392 dictus
942 1315 984 1426 '1
1036 1317 1108 1387 Sed
1152 1339 1252 1388 nunc
1294 1316 1420 1388 nullibi

229 1469 379 1558 apparet
405 1447 481 1531 nisi
498 1457 536 1528 in
564 1453 808 1532 Erechtheo.''

307 1585 484 1657 “Echini
512 1580 739 1654 crassitudini
767 1580 802 1649 id
832 1579 937 1673 spatii
966 1577 1105 1650 detrahi
1137 1581 1419 1675 necessesquod

231 1717 416 1794 anthemio
442 1719 562 1787 datum
589 1713 701 1784 erat.''

308 1849 332 1892 ι’
350 1839 453 1912 inira
482 1839 651 1911 echinum
677 1838 991 1937 hypotrachelium
1017 1849 1080 1919 est.
1107 1838 1191 1909 huic
1219 1838 1288 1910 oedi
1321 1849 1358 1910 et
1383 1837 1419 1907 id

231 1968 428 2068 peculiare.
471 1969 577 2059 Quod
605 1968 724 2050 efficit,
751 1979 791 2039 ιιι
819 1967 949 2039 rolutoe
975 1990 1120 2061 scapum
1150 1989 1222 2044 non
1256 1978 1418 2064 tangant,

233 2097 332 2190 quod
350 2095 387 2167 in
410 2095 537 2168 ceteris
562 2095 729 2167 omnibus
748 2095 879 2167 evenit.
931 2091 1030 2166 Nam
1049 2093 1205 2186 pertinet
1221 2093 1267 2164 ab
1290 2093 1418 2166 echino

232 2226 279 2302 nd
310 2248 457 2319 scapum
495 2224 670 2308 strictum,
708 2247 731 2295 a
765 2223 898 2318 quihus
930 2221 1109 2317 utrimque
1139 2221 1418 2294 discriminatum

134 2397 138 2402 ·
231 2373 287 2436 est
320 2388 385 2460 per
418 2363 616 2458 astragalus
650 2361 725 2432 sive
755 2360 907 2454 scalptos
938 2357 1012 2430 sive
1046 2379 1170 2451 puros.
1222 2355 1418 2429 Altitudine

231 2492 470 2585 sesquimajus
498 2499 553 2559 est
575 2511 681 2582 quam
704 2489 855 2558 echinus
879 2510 960 2558 cum
984 2485 1180 2558 anthemio.
1232 2483 1420 2580 Scalptura

231 2616 364 2688 imitari
399 2613 542 2684 videtur
572 2613 680 2684 liores
714 2627 752 2686 et
783 2615 946 2708 palmites
981 2614 1150 2700 marinos,
1177 2616 1241 2686 sed
1273 2613 1420 2686 arbitrio

231 2737 379 2811 artificis
420 2737 820 2813 conformatos—Sed
860 2741 955 2812 haud
1004 2740 1115 2814 dubie
1155 2741 1225 2817 hoc
1270 2741 1420 2812 maxime

231 2875 538 2971 hypotrachelium
557 2876 732 2950 calumme
747 2877 934 2976 gravitatis
955 2880 1135 2974 quandam
1150 2879 1249 2952 addit
1264 2878 1419 2973 speciem

230 3013 467 3102 augustaeque
511 3005 727 3103 majestatis:
772 3016 899 3080 contra
942 3003 1035 3078 exile
1081 3005 1168 3076 illud
1215 3005 1420 3100 capitulum,

231 3134 330 3229 quod
355 3133 463 3206 lones
485 3157 592 3228 scapo
616 3136 743 3232 gracili
765 3142 1082 3228 superposuerunt,
1108 3131 1261 3204 levitatis
1286 3131 1421 3227 aliquid

232 3261 342 3344 habet
368 3271 407 3334 et
431 3260 671 3334 mobilitatis.¹’

309 3367 522 3470 1σέΡιιὶιιιίιιι,
564 3408 629 3479 per
665 3406 746 3479 quae
778 3385 908 3458 voluta
942 3387 1037 3459 inter
1071 3409 1109 3458 se
1142 3388 1420 3486 conjungantur,

232 3514 414 3612 praecipue
457 3536 502 3585 eo
535 3538 557 3585 a
600 3515 721 3609 specie
754 3514 900 3613 vulgata
941 3518 1122 3604 differunt,
1145 3520 1258 3611 ·quod
1303 3517 1421 3603 ῠαὶιεί,

233 3645 364 3740 quibus
399 3644 499 3741 quasi
529 3645 819 3743 adstringuntur,
846 3671 919 3724 non
949 3649 1066 3721 media
1093 3657 1230 3721 tantum
1257 3649 1422 3748 cingunt,

232 3775 295 3844 sed
325 3797 391 3867 per
432 3795 538 3845 omne
573 3773 724 3870 apetium
769 3776 957 3850 distributa
998 3787 1104 3850 sunt:
1150 3776 1200 3848 ita
1237 3788 1277 3849 ut
1317 3775 1421 3848 Vlll.

232 3900 387 3976 existant
417 3899 493 3974 lora
524 3927 590 3999 pro
631 3925 704 3977 uno
738 3905 866 3978 balteo.
928 3906 1099 3983 Similiter
1130 3906 1302 4001 dispertiti
1336 3915 1422 3976 sunt

230 4032 269 4114 in
295 4029 446 4106 aedicula
470 4033 516 4106 ad
545 4031 700 4119 llissum,
719 4033 786 4110 aed
814 4035 994 4131 scalptura
1015 4033 1257 4130 simpliciores.

273 4299 392 4360 'lason
406 4305 429 4373 ξ.
444 4309 473 4361 3.
850 4325 969 4381 eucarpo
1009 4307 1162 4380 disputavit
1203 4302 1325 4363 Genelli.
1364 4304 1420 4364 litt.

273 4387 416 4450 'Vitrun
446 4393 552 4468 1v.r.
580 4401 609 4458 7.
652 4398 741 4456 Acuta
765 4398 798 4456 de
850 4413 929 4471 cxsg.
944 4394 983 4456 ll.
998 4417 1025 4472 p.
1041 4403 1090 4466 ²9·
