3158 5104
751 481 798 542 84
1169 473 1319 560 [Crass.
1344 475 1393 539 11.

195 669 220 700 “
232 660 273 733 P.
292 659 405 732 Gabr.
425 655 597 754 Fabricy‚
629 653 724 727 Abb.
743 651 873 738 laum,
907 651 1020 728 Nich.
1040 651 1394 744 Schou’,—licet
1470 663 1474 668 ’

195 787 326 861 “varie
351 787 389 858 iu
415 785 492 883 ipso
514 783 780 888 interpretandi
808 784 929 874 modo,
956 781 1180 856 conveniunt
1207 785 1391 858 tamenin

195 918 310 1003 “hoc‚
323 925 364 988 ut
374 927 453 988 eam
466 914 718 1011 hospitalitatis
729 913 787 988 vel
799 913 967 1010 publicae,
979 913 1038 988 vel
1048 914 1197 1012 privatae
1210 917 1394 990 decretum

195 1055 218 1087 “
230 1048 417 1120 continere
434 1053 644 1120 censeant.''
697 1047 754 1120 Ex
773 1047 840 1136 his,
869 1071 961 1143 quos
987 1048 1217 1121 enumeravit
1242 1049 1395 1122 Sielren-

193 1179 349 1266 keesius,
367 1179 556 1254 Schowius
570 1179 667 1253 solus
681 1179 831 1277 privatae
849 1169 1106 1278 hospitalitatis
1118 1192 1394 1254 monumentum

194 1314 233 1386 iu
252 1313 320 1385 hac
346 1312 480 1385 lamina
502 1311 783 1408 deprehendisse
804 1311 871 1384 sihi
899 1310 998 1385 visus
1021 1323 1087 1400 est,
1119 1312 1178 1385 cui
1204 1310 1397 1385 sententiae

166 1497 168 1512 .
195 1443 292 1518 favet
316 1443 393 1538 ipse
422 1439 718 1528 Siebeukeesius,
742 1440 799 1512 his
828 1439 1012 1536 praecipue
1034 1438 1260 1539 argumentis
1283 1438 1397 1512 nisus.

195 1572 401 1648 “Omnia'’
424 1574 485 1664 ait,
506 1572 723 1646 “variorum
747 1572 960 1670 populorum
986 1573 1131 1670 publica
1148 1570 1399 1668 hospitalitatis

196 1707 381 1780 “decreta
404 1702 542 1778 habent
559 1702 697 1799 aliquid
716 1702 810 1776 inter
828 1727 868 1775 se
893 1726 1087 1776 commuue
1105 1705 1203 1801 quod
1220 1703 1400 1800 publicam

195 1847 223 1881 “
236 1839 386 1912 sormam
411 1835 529 1932 primo
552 1833 669 1906 statim
697 1833 830 1907 intuitu
850 1833 986 1932 arguit,
1012 1835 1117 1934 cujus
1140 1860 1188 1907 ne
1206 1835 1399 1934 vestigium

198 1970 383 2067 “quidem
400 1966 439 2038 in
458 1975 581 2038 nostro
599 1977 835 2038 monumento
851 1979 1013 2060 apparet.
1067 1963 1253 2062 incipiunt
1272 1989 1401 2062 nempe

199 2095 388 2170 “formula
416 2095 453 2168 in
483 2095 638 2191 publicis
668 2095 897 2194 dogmatibus
926 2095 1089 2169 solenni:
1121 2091 1214 2192 ἑδοξε
1242 2132 1287 2200 τῃ
1316 2128 1402 2192 συγ-

200 2229 225 2266 “
237 2237 349 2320 xhvrrqu
371 2259 422 2298 και
449 2260 497 2320 τῳ
520 2221 620 2320 δημῳ,
646 2225 703 2299 vel
721 2221 815 2317 ἔδοξε
833 2257 890 2296 ται
909 2224 989 2296 ἄλαι
1010 2259 1062 2297 και
1079 2257 1124 2329 rp
1139 2235 1344 2319 συγκλειτῳ,
1362 2231 1403 2295 ut

202 2353 387 2452 “publica
427 2352 753 2452 Agrigentinorum
797 2363 835 2425 et
878 2351 1128 2424 Melitensium
1162 2351 1404 2448 psephismata

200 2490 275 2562 “in
315 2486 495 2560 Demetrii
530 2484 748 2582 Syracusani
788 2485 962 2556 honorem
998 2481 1101 2572 lata¹,
1135 2481 1191 2556 vel
1220 2477 1313 2575 ἔδοξε
1349 2512 1404 2553 ται

199 2621 329 2710 “ᾰλαι,
373 2630 414 2693 ut
455 2620 604 2692 decreta
638 2617 832 2714 hospitalia
871 2616 1165 2714 corcyrensium,
1207 2640 1291 2714 quae
1327 2639 1403 2688 exc.

200 2763 313 2838 “lac.
343 2759 459 2851 Noni,
491 2758 653 2832 Venetus
684 2757 851 2844 Senator,
873 2755 1065 2854 possidet²,
1101 2759 1159 2832 vel
1192 2757 1264 2830 alia
1299 2755 1405 2830 simili

201 2894 395 2970 “formula
437 2891 672 2968 convenienti
718 2892 871 2988 publicis
915 2894 1171 2968 monumentis.
1241 2894 1408 2992 Pergunt

201 3030 369 3105 “deinde
401 3053 527 3104 causas
560 3053 744 3117 enarrare,
789 3030 836 3102 ob
875 3054 965 3127 quas
1005 3031 1242 3128 excipiendus
1277 3031 1407 3128 hospes

202 3161 308 3234 “hoc
334 3160 554 3234 beneficium
579 3158 648 3232 sibi
673 3159 922 3255 acquisiverit,
948 3171 985 3232 et
1010 3161 1150 3233 addunt
1178 3161 1215 3234 in
1245 3161 1318 3248 fine
1344 3162 1407 3234 de-

202 3301 227 3331 “
243 3303 382 3367 cretum
397 3293 443 3364 de
456 3290 656 3364 incidendo
676 3290 711 3360 in
729 3314 803 3362 aere
815 3292 962 3366 decreto
976 3291 1227 3388 hospitalitatis
1240 3289 1406 3387 publicae.

202 3423 303 3496 “Sic
346 3447 385 3496 se
428 3419 566 3494 habent
607 3420 730 3492 omnia
777 3421 912 3496 Graeca
955 3421 1208 3519 hospitalitatis
1251 3426 1405 3498 decreta.

205 3560 424 3637 “Nostrum
451 3564 573 3628 autent
603 3557 649 3628 de
674 3555 729 3628 his
754 3555 863 3654 plane
890 3558 981 3632 silet.
1026 3559 1086 3650 ,At
1109 3581 1156 3632 ne
1180 3557 1261 3656 quis
1288 3559 1410 3632 credat

206 3693 384 3768 “solitam
422 3691 651 3762 decretorum
687 3688 841 3766 formum
873 3690 1059 3763 brevitatis
1089 3691 1211 3766 studio
1243 3693 1409 3766 omissam

205 3830 230 3861 ‘¹
243 3821 366 3910 luisse,
389 3843 548 3916 provoco
565 3822 610 3892 ad
629 3797 729 3912 illud,
754 3821 1098 3920 aGytheatensium
1118 3822 1264 3916 civitate
1283 3821 1412 3896 Marco

205 3948 375 4026 “latino
410 3950 583 4024 Pandusa
626 3951 772 4048 hospiti·
793 3952 943 4050 publico
977 3952 1135 4050 positum
1173 3953 1272 4051 quod
1307 3949 1413 4043 Paci·

204 4078 370 4174 ffaudius
397 4103 444 4152 ex
470 4077 605 4155 Museo
631 4079 807 4156 Noniano
829 4081 881 4157 ita
905 4080 1135 4178 publicauit³‚
1355 4049 1361 4062 ’

245 4366 255 4400 ¹
276 4363 455 4424 Tenemuzz.
478 4364 569 4425 inser,
594 4366 651 4426 Sic,
674 4367 715 4426 Ν,
736 4373 785 4434 79.
876 4356 888 4392 ⁸
910 4353 1043 4412 Paciaud.
1056 4349 1282 4430 MonPelppou.
1295 4349 1413 4410 ltrsr.

206 4466 255 4521 82.
838 4451 946 4510 Menda
986 4451 1076 4509 muita
1103 4447 1329 4508 'Siebeukeesius
1363 4463 1413 4504 suo

244 4559 255 4590 ²
277 4556 388 4616 Notizie
410 4557 482 4618 sulla
506 4555 652 4626 antichits,
674 4571 690 4614 e
712 4553 785 4614 delle
835 4547 998 4627 apographo
1015 4546 1151 4622 iniecerat
1171 4563 1236 4623 quae
1252 4559 1337 4620 egos
1358 4541 1413 4599 Pe-

205 4652 258 4711 arti
278 4654 306 4712 di
328 4653 422 4715 Roma
444 4657 550 4732 (1787)
568 4671 597 4728 p.
610 4655 661 4711 58.
834 4643 944 4704 eiuudio
957 4644 1059 4702 tocihrs
1072 4649 1189 4702 correxi.
