3222 5104
297 351 370 433 ³72
706 347 711 356 ’
756 373 987 424 ssrnnnrx.

297 537 371 580 usos
395 515 552 600 publicam
576 519 768 602 sepulturam
791 518 961 583 instituisse
977 511 1046 583 τιῗιν
1069 511 1104 584 ἐν
1132 507 1217 603 τᾷδε
1238 520 1289 604 τῷ
1305 515 1442 609 παλάμᾳ

296 613 431 703 πρῶτον
465 607 709 693 άποθανόντιυν,
752 640 813 701 qua
849 616 1017 680 occasione
1060 615 1198 682 Pericles
1240 618 1441 686 celeberrima

296 711 435 776 oratione
471 715 564 776 fnnns
602 735 709 778 eorum
752 712 934 778 nobilitavit.
988 711 1062 778 Hac
1098 713 1166 798 ipsa
1213 731 1319 781 autem
1357 721 1439 783 cele-

296 809 407 874 britate
434 825 574 875 nostrum
602 809 796 896 epitaphium
831 815 976 896 sepulcro
1001 833 1108 876 eorum
1143 812 1286 896 publico,
1316 814 1371 899 qui
1400 819 1437 879 sd

297 908 472 973 Potidaeem
503 907 689 982 ceciderant,
723 908 821 974 fuisse
848 908 1045 993 impositum,
1070 923 1137 972 tum
1163 934 1180 975 e
1205 934 1234 973 v.
1247 921 1280 984 9.
1312 928 1439 996 apparet

297 1012 472 1070 nunant
489 1012 587 1070 Men
601 1013 731 1070 nonin
748 1013 863 1070 nene
880 1013 1010 1070 noser
1035 1007 1056 1070 i.
1072 1031 1100 1071 ο.
1125 996 1245 1094 ἄνδρας
1257 1002 1325 1082 μέμ
1343 1003 1439 1083 πόλις

295 1091 350 1180 ἥδε
376 1102 486 1182 ποθεῖ,
513 1128 577 1189 quo
594 1107 694 1169 luctus
713 1096 825 1188 populi
842 1106 881 1167 da
905 1104 950 1168 eis
975 1117 1123 1192 tanquam
1147 1128 1285 1189 praesens
1300 1129 1438 1171 comme·

295 1215 443 1281 moratur,
470 1215 534 1266 turn
559 1225 596 1266 ex
614 1205 699 1281 loco,
723 1199 753 1264 in
778 1223 841 1286 quo
859 1224 994 1267 mmmor
1013 1202 1171 1266 inventurn
1196 1217 1255 1268 est.
1305 1201 1439 1268 Jacebat

295 1298 378 1363 enim
407 1299 437 1364 in
471 1299 592 1383 campis
619 1299 799 1364 Academiae
833 1313 919 1364 extra
947 1297 1027 1364 viam
1054 1322 1186 1377 sacram,
1213 1324 1283 1385 qun·¹
1307 1302 1436 1366 Athenis

296 1395 444 1462 Eleusina
471 1397 568 1462 ducit.
621 1397 699 1462 Eam
726 1396 806 1462 siam
833 1397 1002 1462 Pausanias
1031 1397 1062 1461 in
1079 1397 1177 1462 Attic.
1212 1422 1244 1482 p.
1266 1407 1320 1462 28.
1349 1399 1435 1482 Syll).

297 1517 326 1558 c.
342 1495 393 1560 36.
412 1519 477 1579 seq.
518 1495 626 1560 Kuhn.
651 1493 799 1561 describit
823 1494 975 1580 repletam
999 1494 1152 1582 sepulcris
1172 1510 1204 1559 et
1230 1498 1436 1561 monumentis

294 1593 426 1656 heroum
446 1605 539 1679 utque
562 1593 716 1657 clerorum
733 1593 878 1674 virorum,
906 1592 960 1678 qui
985 1591 1058 1658 inde
1084 1617 1103 1657 a
1125 1593 1337 1658 remotissimis
1360 1609 1435 1659 tem-

295 1689 423 1772 poribus
442 1690 563 1770 virtute,
584 1689 746 1774 sapientis,
768 1689 817 1754 sel
841 1693 927 1776 quod
952 1690 982 1754 in
1005 1690 1101 1755 literis
1128 1689 1282 1755 artibusve
1301 1694 1433 1756 excellu-

294 1787 401 1865 issent,
429 1787 534 1870 patrie
555 1787 683 1871 gloriam
707 1787 944 1853 illustraverant.
998 1787 1094 1852 Erant
1117 1788 1237 1868 tumuli,
1259 1803 1290 1853 et
1317 1793 1356 1854 sd
1383 1813 1433 1854 eos

294 1905 366 1958 arae,
393 1897 511 1964 stetuae,
536 1907 662 1950 nemora
676 1898 768 1971 atque
785 1884 883 1970 cippi.
936 1885 1054 1950 Eadem
1067 1885 1207 1969 regione,
1233 1885 1432 1953 Academiam

295 2005 411 2062 sersus,
438 1985 552 2066 sepulti
564 1997 667 2066 erant,
691 1982 804 2070 quihus
823 1983 994 2066 contigerat
1011 1997 1092 2047 terra
1108 1983 1247 2068 marique
1265 2008 1325 2068 pro
1339 1985 1432 2069 patris

293 2079 505 2166 pugnantibus
523 2081 612 2146 mori.
665 2081 704 2146 P.
720 2087 773 2144 28.
800 2083 821 2144 l.
837 2081 870 2144 6.
888 2072 993 2146 Ἐστι
1010 2068 1044 2144 δὲ
1061 2077 1113 2146 καί
1129 2080 1214 2145 πᾶσι
1225 2075 1333 2160 μνῆμα
1347 2077 1432 2161 Ἀθη-

295 2177 393 2246 ναίοις
419 2171 553 2249 ὁπόσοις
581 2173 759 2245 ἀποθανεῖν
783 2171 962 2244 συνίπασεν
986 2168 1021 2244 ἓν
1047 2203 1088 2242 τε
1115 2177 1303 2266 ναυμαχίαις
1328 2176 1380 2244 καί
1401 2173 1433 2243 ἐν

292 2270 416 2366 μάχαις
433 2271 559 2368 πεζαῖς,
585 2269 675 2355 πλὴν
689 2271 762 2342 ὅσοι
775 2274 956 2368 Μαραθῶνι
968 2271 1077 2342 αὐτῶν
1102 2269 1109 2290 ’
1137 2273 1334 2343 υνίσταντο.
1360 2271 1432 2342 τοί·

293 2399 364 2444 τοις
381 2370 454 2465 γάρ
481 2369 569 2440 κατά
594 2369 712 2487 ιχοίρου
737 2370 819 2439 sinis
840 2371 871 2438 oi
887 2369 993 2465 τάφοι
1019 2364 1055 2437 δι’
1070 2299 1307 2462 άᾙραγαθίαν.
1349 2363 1433 2438 οἶδε’

294 2461 395 2538 άλλοι
416 2468 504 2538 κατά
522 2468 585 2550 τήν
606 2462 678 2538 obsis
694 2470 819 2538 scissos
835 2467 902 2551 τήν
917 2471 960 2542 sis
975 2461 1175 2549 Ἀκαδημίαν.
1229 2469 1306 2538 Καί
1325 2473 1435 2563 σφῶν

293 2564 441 2635 ίστᾶσι
460 2563 530 2634 s'sri
552 2565 629 2640 τάς
653 2565 791 2661 τάφοι
812 2570 974 2658 στῆλαι,
1004 2564 1053 2633 τά
1080 2563 1256 2646 ὀνόματα
1283 2567 1347 2635 καί
1369 2562 1435 2634 τόν

295 2656 416 2744 δῆμον
444 2658 621 2733 ἑκάστου
645 2662 861 2754 λέγουσαι.
914 2668 985 2732 Nec
1019 2691 1092 2732 sero
1123 2670 1190 2732 sols
1218 2669 1433 2734 defunctorum

293 2761 429 2840 norninn,
456 2769 510 2829 sed
537 2765 660 2831 laudem
685 2789 811 2852 quoque
836 2765 1019 2850 virtutisque
1046 2765 1228 2830 memoriam
1251 2765 1298 2831 his
1324 2765 1433 2851 cippis,

295 2861 407 2926 saltem
428 2863 569 2948 pluribus
587 2886 694 2928 eorum
712 2862 892 2948 inscriptam
907 2862 1012 2939 fuisse,
1038 2862 1069 2926 id
1087 2863 1224 2948 quidem,
1246 2863 1388 2948 quamvis
1404 2862 1433 2926 in

294 2962 378 3042 loeo,
406 2983 499 3047 quem
520 2960 752 3046 exscripsimus,
776 2983 840 3024 non
856 2974 1130 3036 commemoretur,
1156 2960 1239 3024 cerni
1257 2975 1361 3026 tamen
1378 2984 1432 3045 po·

294 3071 356 3122 test
378 3081 415 3122 ex
441 3059 499 3134 his,
524 3082 594 3144 quae
613 3057 762 3142 deinceps
779 3058 951 3122 Pausanias
973 3072 1207 3122 commemorat.
1259 3057 1344 3123 Nam
1370 3082 1431 3122 ser·

293 3179 414 3230 vorum,
438 3155 490 3242 qui
519 3179 577 3240 pro
595 3154 729 3219 dominis
754 3170 928 3239 pugnantes
951 3159 1175 3228 occubuerant,
1201 3153 1332 3240 cippum
1357 3154 1433 3220 iudi-

295 3275 383 3317 casse
411 3252 486 3318 dicit
508 3246 655 3339 α”γαθοιίτ
671 3251 762 3342 σφᾶς
784 3245 820 3316 ἐν
848 3253 898 3338 τῷ
913 3245 1050 3336 πολέμῳ
1076 3245 1237 3338 γενέσθαι
1261 3249 1337 3340 περί
1360 3246 1434 3321 ‘reis

291 3339 475 3428 δεσπόταις
502 3365 535 3414 et
550 3351 580 3414 in
598 3353 744 3435 sepulcro
758 3372 877 3428 eorum,
894 3373 973 3436 quos
990 3353 1030 3414 ad
1041 3349 1227 3414 Corinthum
1242 3374 1347 3436 pugna
1358 3373 1432 3415 eou-

295 3459 341 3512 ιιι
358 3447 537 3533 Agesilaum
550 3451 758 3522 abscesserat,
783 3448 991 3512 describendo
1007 3448 1077 3534 ipsa
1089 3439 1229 3533 ἐλεγεῖα
1242 3469 1433 3514 commemo-

296 3557 343 3608 rat
356 3570 390 3632 p.
408 3555 462 3618 29.
480 3547 503 3610 l.
524 3553 554 3616 7.
598 3537 702 3609 Messi
720 3531 754 3606 le*
771 3538 848 3614 τοιίς
865 3538 1092 3612 ἀποθανόντας
1112 3537 1147 3608 ίν
1166 3543 1326 3633 Κορίνθῳ,
1352 3539 1433 3622 σπί-

295 3645 360 3720 λην
385 3639 442 3708 ἐπί
465 3631 579 3709 τοῖσδε
607 3635 743 3708 ἑστάναι
770 3637 833 3719 τήν
866 3635 971 3720 cissis
995 3641 1186 3720 σημαίνει
1213 3634 1261 3706 τά
1283 3638 1431 3728 ἐλεγεῖα,

295 3739 367 3810 τοῖς
391 3735 451 3816 μὲν
476 3735 512 3806 ἐν
541 3733 669 3824 Εὖβοίᾳ
700 3764 742 3803 τι
769 3735 824 3804 καί
849 3739 921 3825 Χίῳ
949 3733 1189 3817 τελευτήσασι,
1211 3734 1290 3806 *roris
1318 3729 1432 3805 ‹lls'rl

297 3838 369 3906 τοῖς
398 3833 557 3927 ἐσχάτοις
585 3838 648 3916 τῆς
674 3830 818 3915 Ἀσιανῆι
846 3825 1066 3927 διαφθαρῆναι
1091 3825 1197 3916 δηλοῖ,
1230 3832 1308 3908 roris
1335 3825 1370 3902 δι’
1398 3831 1431 3902 ἕν

297 3935 442 4022 Σικελίᾳ.
494 3939 574 4004 Post
599 3937 666 4002 haec
691 3935 857 4000 multorum
883 3938 1029 4015 tumulos,
1056 3949 1089 4000 et
1109 3958 1240 4020 pugnas,
1263 3935 1296 3998 in
1322 3935 1431 4022 quibus

296 4039 517 4116 occubuerant,
538 4047 690 4112 recenset,
723 4033 807 4097 nulla
828 4047 946 4112 tamen,
974 4037 1060 4119 quod
1085 4031 1224 4119 inprimis
1252 4047 1430 4118 exoptabam

296 4132 387 4198 nohis
404 4133 576 4213 accidisset,
597 4153 705 4196 eorum
723 4130 893 4206 mentione,
918 4130 972 4218 qui
994 4132 1034 4194 ad
1058 4131 1233 4197 Potideam
1247 4131 1429 4196 ceciderant

296 4229 422 4296 Horum
450 4243 552 4297 autern
587 4231 763 4316 sepulcrum
791 4228 823 4294 in
855 4231 966 4295 eodem
993 4231 1068 4294 loco
1095 4227 1190 4294 luisse
1223 4243 1336 4314 preter
1366 4227 1431 4314 ιμ’·

295 4330 436 4413 taphium
468 4329 512 4395 ihi
540 4329 698 4394 inventurn
727 4331 821 4392 docet
849 4327 941 4394 etiem
964 4326 1179 4412 Thucydides,
1205 4327 1259 4413 qui
1283 4325 1430 4403 funebris,

297 4449 366 4514 quse
394 4451 487 4515 supra
512 4426 657 4516 elisimus,
683 4439 715 4492 et
738 4425 871 4492 honores
888 4425 925 4491 iia
942 4424 1076 4504 habitos,
1103 4424 1212 4514 quiin
1235 4423 1339 4512 primo
1361 4421 1430 4490 belli
