3204 5104
582 383 932 434 ruounconunu.
1302 361 1375 434 lxix

176 539 334 614 recentis
355 550 444 611 sunt
466 537 546 625 sevi,
580 548 745 634 ternpore
769 563 818 614 sc.
843 537 1009 635 Trajani,
1046 537 1222 610 Hadriani
1247 547 1284 610 et
1310 539 1376 608 im·

176 681 387 766 paratorum
415 669 659 764 sequentium,
686 668 854 742 marmori
882 668 1090 741 commissae.
1147 669 1230 742 Nec
1248 670 1376 743 dubito

177 802 266 896 quin
285 799 408 894 plures
430 796 514 869 libri
537 799 608 870 sint
626 798 790 896 ejusdcm
813 797 941 870 farinae
965 821 1118 894 quorum
1139 809 1259 873 tamen
1279 801 1376 872 nulla
1453 781 1457 784 ¹

179 930 308 1004 notitia
327 926 413 1000 1111111
440 926 592 1024 contigit
603 925 626 999 ¹.
678 927 853 999 Corsinus
872 926 983 998 multa
1009 928 1055 999 de
1083 928 1376 1022 inscriptionibus

181 1061 215 1131 in
226 1058 374 1153 scriptis
389 1057 474 1140 suis,
493 1057 693 1151 praesertim
709 1057 744 1126 in
757 1055 876 1127 Fastis
896 1055 1037 1142 Atticis,
1048 1058 1199 1153 egregie
1218 1058 1377 1152 disputa-

180 1189 249 1275 vin
273 1189 410 1261 nullam
422 1197 543 1259 autern
558 1186 840 1280 lnscriptionum
854 1183 1026 1282 Syllogen
1041 1187 1231 1282 (quantum
1247 1189 1374 1279 sciam)

182 1320 308 1406 edidit,
335 1329 468 1414 praeter
485 1316 643 1390 libellum
662 1315 722 1388 cui
745 1316 869 1388 titulus
892 1323 916 1357 “
928 1315 1188 1412 inscriptiones
1207 1317 1378 1392 Atticae

184 1445 328 1520 Maffaii
349 1445 492 1517 schedis
519 1442 659 1514 editae''
689 1441 803 1535 (Flor.
827 1443 953 1532 1752),
978 1443 1015 1515 in
1047 1467 1120 1539 quo
1144 1445 1258 1543 magis
1279 1441 1377 1518 'anti-

184 1572 384 1668 quitatibus
402 1569 532 1642 atticis
550 1591 657 1664 quam
675 1565 729 1639 101
744 1566 1054 1664 Palaeograpbicoe
1073 1571 1248 1644 incubuit.
1279 1571 1378 1660 Quas

184 1702 331 1797 quidem
353 1699 392 1770 in
417 1697 478 1768 illo
501 1696 621 1769 libello
639 1694 753 1769 edidit
769 1694 1033 1791 inscriptiones,
1061 1723 1186 1771 omnes
1213 1710 1378 1774 recentes

185 1839 279 1900 sunt.
316 1825 493 1898 Corsinus
511 1824 656 1919 quidem
675 1824 788 1920 longe
804 1847 913 1918 supra
932 1849 1029 1896 meas
1044 1825 1166 1899 laudes
1185 1851 1377 1925 meumque

187 1960 406 2055 vituperium
434 1957 570 2053 positus
600 1966 674 2042 est3
702 1966 738 2026 ut
765 1977 810 2026 eo
833 1957 989 2042 nomine,
1017 1981 1073 2028 me
1090 1959 1231 2055 judice,
1258 1984 1378 2055 repre-

188 2093 403 2166 hendendus
420 2089 532 2173 venit,
560 2089 655 2185 quod
671 2088 775 2160 nimis
790 2087 898 2160 facile
913 2088 1163 2181 inscriptiones
1178 2087 1244 2183 pro
1260 2114 1378 2188 genu·

189 2224 256 2295 inis
283 2221 453 2294 babuerit
484 2230 521 2292 et
538 2219 740 2292 venditdrit.
792 2219 1067 2306 Barthelemius,
1095 2221 1157 2313 qui
1189 2220 1319 2292 multus
1342 2223 1377 2293 in
1476 2271 1478 2274 -

189 2349 258 2418 boc
280 2367 418 2443 genere
448 2357 538 2427 erat,
562 2367 644 2415 suas
668 2347 714 2416 de
742 2343 1035 2438 inscriptionibus
1061 2344 1321 2439 disputationes
1342 2348 1378 2420 in

192 2478 291 2548 Actis
310 2475 424 2547 Acad.
443 2474 559 2547 Inscr.
584 2474 800 2570 plerumque
826 2473 950 2561 edidit,
978 2474 1012 2546 in
1047 2497 1120 2570 quo
1138 2498 1247 2570 opere
1273 2478 1382 2551 multa

192 2603 398 2702 hujusmodi
414 2603 485 2675 alia
502 2603 635 2675 Lector
653 2605 819 2698 reperiet.

169 2765 175 2778 ·
266 2735 351 2810 Jarn
390 2717 554 2831 superest
605 2736 711 2831 opelli
762 2736 831 2807 mei
880 2759 962 2831 pars
1012 2737 1121 2833 longe
1166 2736 1381 2834 gratissima,

195 2869 397 2956 scilicetut
423 2889 615 2940 memorem
644 2868 771 2963 quanti
802 2866 998 2963 qualesque
1024 2866 1090 2938 viri
1120 2888 1176 2937 me
1204 2875 1269 2936 aut
1294 2888 1381 2936 con·

195 3001 284 3087 11110,
319 3012 383 3072 0111
423 2999 636 3071 auctoritate
670 2997 883 3097 adjuvlrina
920 3023 941 3070 e
975 2997 1116 3070 schedis
1158 2995 1231 3068 suis
1265 2997 1382 3092 operis

197 3129 382 3204 materiem
402 3128 675 3225 suppeditlrint,
702 3141 739 3201 et
760 3130 917 3225 denique
932 3129 1103 3201 librorum
1123 3150 1190 3200 nec
1212 3129 1250 3200 in
1276 3127 1383 3201 bibli·

196 3262 335 3337 otbecis
367 3259 530 3356 publicis,
567 3283 636 3332 nec
673 3261 768 3354 apud
799 3258 1009 3354 bibliopolas
1044 3259 1242 3332 extantium
1280 3284 1383 3333 usum

198 3391 456 3466 humanissime
482 3390 569 3462 mibi
592 3390 848 3464 concesserint.
901 3391 941 3463 Si
962 3390 1094 3463 nullam
1114 3391 1259 3487 quidem
1276 3393 1383 3465 aliam

199 3520 416 3614 voluptatem
453 3516 538 3589 mibi
572 3517 746 3589 attulisset
774 3518 924 3615 hujusce
951 3516 1032 3590 libri
1066 3518 1260 3605 confectio,
1292 3519 1395 3590 110110Ι

199 3645 365 3741 profecto
389 3643 578 3716 maximam
595 3644 774 3718 attulisset
791 3657 837 3727 ut,
857 3645 1092 3743 intelligerem
1112 3655 1249 3741 quanto
1264 3666 1387 3718 amore

201 3775 313 3871 digna
336 3773 383 3846 sit
413 3796 538 3845 00111111
565 3775 818 3848 benevolentia
847 3751 998 3872 quorum
1030 3775 1192 3847 doctrina
1222 3774 1387 3847 omnibns

203 3915 258 3978 est
282 3906 322 3976 in
346 3926 420 3977 ore.
472 3904 655 3993 Quantum
680 3927 751 4002 ego
773 3904 987 3978 Cockerellii
1013 3916 1050 3976 et
1075 3903 1201 3976 Leakii
1224 3901 1389 3975 humani·

204 4035 264 4106 tati
295 4035 462 4122 debeam,
493 4057 540 4106 ex
571 4035 648 4130 ipso
678 4057 788 4129 opere
826 4033 980 4131 patebit.
1043 4032 1110 4106 Ille
1133 4023 1279 4107 'scilicet
1316 4033 1388 4104 duo

242 4225 250 4258 ¹
273 4227 448 4286 Passioneius
479 4226 581 4283 librum
608 4225 652 4282 cui
678 4225 772 4286 titulus
822 4245 872 4285 nes
885 4228 913 4284 in
929 4221 1391 4303 SpicilegioAntiquitatis(Colon.

206 4323 373 4383 “lscrizioui
387 4322 531 4380 Auticbe''
558 4322 656 4398 (Lucae
674 4320 774 4398 1763.)
824 4321 1033 4398 Brandeburgh.
1051 4317 1151 4394 1692.)

206 4419 297 4494 edidit,
320 4421 446 4492 Begerus
462 4419 596 4496 quasdam
619 4418 773 4494 inscriptio·
