3204 5104
165 431 299 496 lusca.
318 424 361 505 1.]
771 434 816 492 31

166 592 242 668 sibi
286 615 387 666 more
419 591 596 688 usurpari,
630 596 726 689 quod
768 591 972 666 Homericis
1016 597 1242 691 temporibus
1281 599 1375 671 haud

167 727 309 800 factum
328 747 455 798 omnes
473 723 604 798 sciunt.

250 853 426 950 Exempla
453 853 730 950 inscriptionum
761 857 797 928 in
827 857 937 932 aereis
966 857 1098 930 tabulis
1128 861 1375 958 (χαλχωμασιν)

168 995 371 1070 incisarum
393 989 540 1090 collegit
556 989 777 1065 Vandalius¹
797 993 975 1090 pluraque
991 994 1071 1068 loca
1082 996 1270 1070 advocavit
1286 995 1315 1067 I.
1332 995 1376 1067 P.

172 1118 428 1202 Boissonade²
459 1122 524 1220 qui
551 1124 624 1196 duo
643 1123 679 1194 in
700 1123 767 1196 hac
795 1123 920 1198 Eliaca
943 1123 1067 1196 tabula
1092 1123 1270 1198 foramina
1298 1145 1379 1197 esse

171 1253 386 1332 observavit
418 1277 485 1350 per
523 1275 608 1348 quae
657 1253 775 1332 adacti
817 1251 907 1327 clavi
950 1252 1080 1350 parieti
1122 1253 1247 1326 forsan
1277 1253 1380 1328 Jovis

172 1388 338 1488 Olympii
378 1385 600 1458 eduxerint?
636 1382 856 1458 Pausanins³
891 1385 1037 1482 quidem
1077 1397 1208 1472 στηλην
1245 1397 1407 1484 χαλχηνΙ

172 1523 300 1596 foedus
342 1519 441 1591 inter
477 1495 774 1591 Lacedaemonios
812 1528 924 1617 atque
965 1519 1206 1593 Athenienses
1251 1519 1379 1592 initum

172 1649 426 1738 exhibentem,
453 1663 490 1724 et
514 1649 621 1725 Jovis
654 1649 815 1748 Olympii
848 1660 987 1724 stature·
1007 1675 1216 1748 suspensam
1245 1673 1380 1724 memo·

172 1791 243 1870 rat,
275 1803 384 1878 quem
413 1805 549 1858 morem
582 1781 763 1856 foederum
790 1781 970 1881 Olympiae
1005 1784 1265 1858 servandorum
1299 1783 1380 1856 diu-

174 1910 316 1984 tissime
345 1911 443 2006 apud
471 1910 612 1984 Graecis
641 1910 815 1984 mansisse
841 1921 994 2015 testatup
1020 1912 1181 1988 Livius⁴.

249 2041 282 2114 'A
314 2047 447 2138 Ἑρατρα
473 2039 623 2114 AEolice
654 2064 723 2135 pro
750 2049 878 2142 Ρητρα.
928 2040 1148 2116 Homerico⁸
1174 2064 1283 2114 sensu
1312 2064 1382 2116 vox

173 2179 384 2266 usurpatur,
405 2192 479 2266 quo
503 2168 533 2240 si
558 2168 654 2265 apud
672 2170 781 2243 bonae
796 2179 894 2243 notae
919 2168 1046 2241 solutus
1065 2165 1239 2240 orationis
1268 2169 1382 2262 scrip·

171 2312 276 2374 tores
295 2300 439 2394 quaeris,
455 2299 589 2373 frustra
606 2322 748 2396 quaeres
767 2301 886 2374 donec
902 2298 949 2372 ad
967 2297 1152 2372 AElianum
1174 2299 1383 2394 perveneris

172 2428 242 2504 ubi
275 2429 343 2503 hoc
372 2455 481 2504 sensu
502 2433 568 2503 ¹ter
597 2431 740 2530 legitur.
784 2429 858 2522 Qui
886 2429 990 2526 plura
1015 2430 1061 2502 de
1088 2431 1156 2502 hac
1176 2453 1266 2504 voce
1288 2429 1381 2504 scire
1474 2461 1477 2466 ¹

172 2562 274 2651 velit,
301 2562 494 2658 scriptores
520 2562 558 2635 in
587 2575 670 2638 nota
697 2573 913 2638 memoratos
938 2562 1084 2638 odeat⁷.

251 2701 334 2793 Τοιρ
361 2699 515 2770 famous.
569 2693 826 2772 laconismum
854 2699 888 2792 (p
914 2719 980 2793 pro
997 2695 1038 2786 σ)
1058 2719 1144 2768 casu
1172 2705 1211 2770 et
1233 2694 1382 2768 fortuito

174 2828 366 2925 irrepsisse
394 2839 498 2924 putat
528 2828 726 2928 Xnightius
738 2829 762 2902 ⁸.
817 2825 889 2900 Sed
915 2828 1049 2902 oblitus
1074 2839 1140 2914 est,
1164 2840 1205 2902 ut
1227 2831 1382 2919 videtur,

174 2962 233 3038 vir
251 2962 400 3035 minime
423 2962 587 3038 oblivisci
617 2963 754 3048 solitus,
781 2963 877 3035 hanc
903 2961 1207 3057 permutationem
1226 2959 1382 3033 lacrmi-

174 3090 246 3163 bus
262 3091 349 3164 solis
368 3093 464 3164 haud
490 3117 570 3166 esse
596 3095 840 3168 tribuendam.
864 3145 867 3150 ,
894 3091 962 3164 Est
983 3093 1080 3166 enim
1105 3115 1217 3189 quum
1235 3089 1382 3164 AEolum

175 3220 429 3296 universorum
444 3234 522 3298 tum
541 3225 725 3322 praecipue
738 3223 909 3298 Eleorum
927 3247 972 3295 ac
990 3222 1267 3297 Eretriensium.
1280 3221 1382 3296 Stra-

176 3356 339 3430 bonem⁹
361 3359 407 3430 de
424 3355 569 3431 Eretria
584 3359 794 3457 loquentem
811 3354 1012 3430 audiamus.
1047 3357 1217 3436 Ἑποίκους
1237 3353 1262 3430 ‹l'
1279 3353 1384 3454 ἔσχον

175 3487 236 3560 ἆτ’
262 3483 406 3566 Ἤλιδος
428 3487 491 3588 ὄψ’
511 3488 549 3562 οὖ
572 3494 623 3564 roi
649 3497 699 3564 τῶ
723 3489 902 3587 γράμματι
917 3487 966 3560 vd
992 3520 1014 3584 p
1041 3489 1159 3586 πολλῷ
1182 3489 1383 3588 χρησάμενοι

218 3710 228 3743 ¹
252 3711 375 3772 Dissert.
391 3715 490 3790 Antiq.
506 3715 584 3776 Diss.
599 3717 653 3776 IX.
666 3735 692 3776 c.
702 3723 730 3775 2.
808 3719 877 3776 234.
903 3713 1019 3772 Ruhnk.
1035 3715 1071 3771 ad
1090 3714 1233 3772 Timaeum
1257 3713 1286 3769 in
1303 3731 1383 3773 voce.

218 3806 231 3840 ¹
252 3809 328 3884 Eph.
341 3809 434 3871 Closs.
446 3814 492 3870 ubi
506 3833 591 3890 supra
606 3815 756 3873 Demostb.
807 3808 990 3886 Apollonium
1015 3811 1051 3868 ad
1072 3829 1134 3872 voc.
1149 3820 1177 3867 et
1195 3809 1235 3868 ibi
1248 3807 1382 3872 Tollium.

176 3913 247 3970 adv.
263 3909 339 3972 Phil.
349 3911 405 3971 III.
424 3915 611 3989 p.131.T.I.
626 3915 757 3977 Tauchn.
809 3906 902 3965 Sim·
937 3905 966 3963 In
1003 3905 1074 3964 Lex·
1106 3905 1239 3981 Xesstlph·
1269 3905 1385 3966 Decret·

180 4005 504 4082 Lycurg.1.soe.§.so.
809 4003 932 4081 Byzant.
954 4005 1027 4080 opud
1051 4004 1202 4064 Demosth.
1223 4003 1258 4061 de
1279 4003 1384 4064 Coron.

221 4099 233 4132 ⁸
254 4100 340 4160 Paus.
350 4101 390 4161 V.
403 4107 454 4162 2³.
809 4100 896 4160 Tom.
911 4098 935 4156 I.
951 4119 980 4176 p.
992 4105 1061 4167 27³.
1074 4101 1228 4178 (Tauchn.)
1246 4109 1274 4160 et
1292 4101 1330 4159 ibi
1343 4101 1386 4159 in·

222 4193 319 4254 ‘Lim
329 4197 450 4258 xxv1.
465 4205 515 4261 at.
809 4203 956 4272 terpretes.
985 4197 1103 4254 Gesner.
1125 4195 1162 4254 ad
1183 4197 1252 4258 Luc.
1271 4195 1384 4272 Philop.

221 4293 592 4377 ⁵Hom50dyss.f.398.
640 4279 646 4294 ’
810 4293 895 4362 §.22

224 4385 236 4418 ⁶
256 4389 327 4448 Ver.
342 4389 421 4452 Hist.
432 4391 474 4451 II.
488 4399 517 4460 7.
542 4393 582 4454 X.
599 4399 645 4454 18.
666 4392 706 4451 H.
718 4395 758 4454 A.
850 4393 861 4425 ⁸
883 4389 957 4465 Eph.
973 4387 1067 4450 Class.
1080 4390 1167 4450 XIII.
1182 4408 1210 4465 p.
1223 4395 1294 4449 118.

182 4481 321 4543 XV.24.
849 4479 977 4548 ”sumt
992 4487 1032 4547 X.
1046 4507 1073 4562 p.
1085 4493 1155 4546 448.
1167 4487 1316 4566 (Casaub.)
1347 4485 1385 4546 cf.

226 4571 392 4640 'Mazuca
418 4581 454 4639 ed
488 4581 562 4645 Tab.
591 4581 697 4644 Herae.
733 4602 761 4659 p.
812 4581 899 4641 etiam
912 4583 952 4644 V.
971 4588 1078 4658 p.221.
