3218 5116
183 388 314 452 lusca.
336 378 451 456 vnn]
485 375 492 384 ’
749 381 815 458 175

187 573 283 635 sture
327 564 500 630 memorat
540 551 745 626 Gulielmus
785 549 958 635 wilkins,
998 557 1036 622 et
1071 543 1247 622 indicavit
1273 545 1379 623 etiam

188 690 355 766 Stuartus
370 691 393 758 ¹:
421 687 518 758 unde
532 684 762 782 conjecerim,
789 690 883 756 serta
900 679 1011 752 luisse
1025 680 1135 752 scutis
1153 702 1317 776 appensa
1328 679 1378 754 '3’
1427 685 1433 702 ⁸

210 813 214 821 ¹
267 833 603 908 “’Ehevmnaxde
643 841 763 903 autem
811 831 901 904 λίθος
946 825 1145 923 appellatur
1188 829 1381 923 zophorus,

193 963 281 1062 quia
312 987 399 1036 saxo
433 961 588 1036 calcario
624 960 810 1033 conlectus
842 969 897 1030 est
925 960 972 1028 ad
1008 957 1215 1031 Eleusinem
1250 958 1386 1046 exciso,

195 1093 352 1165 caeruleo
385 1091 463 1164 fere
499 1090 633 1171 colore,
660 1113 767 1185 quem
803 1086 1042 1159 inscribendis
1075 1087 1226 1158 maxime
1257 1089 1387 1161 litteris

194 1222 415 1294 adhibebant
441 1232 580 1294 veteres
593 1219 641 1290 ³.''

274 1367 471 1462 “Insuper
510 1365 707 1461 zophorum
743 1363 853 1461 longe
885 1365 1074 1462 projicitur
1112 1333 1245 1436 corono
1276 1389 1391 1460 pura,

198 1493 364 1592 subjecto
407 1492 564 1590 cymatio
607 1489 742 1563 Lesbio
785 1514 864 1562 cum
900 1491 1091 1590 astragalo,
1130 1515 1237 1587 supra
1277 1495 1393 1597 posita

200 1625 304 1697 sima.
372 1623 444 1696 Sed
477 1633 576 1697 caret
607 1622 866 1709 Erechtheum,
905 1622 997 1694 sicut
1028 1625 1122 1694 aedes
1157 1624 1203 1694 ad
1238 1621 1394 1714 llissum,

200 1753 419 1826 denticulis:
453 1753 483 1826 si
518 1753 697 1849 porticum
730 1750 906 1824 minorem
937 1753 1137 1848 exceperis.
1197 1751 1312 1852 Cujus
1343 1755 1397 1828 rei

203 1884 283 1955 haec
300 1883 441 1958 videtur
460 1883 561 1980 justa
588 1906 708 1954 causa.
761 1882 1035 1954 Denticulorum
1061 1883 1171 1956 sectio
1198 1907 1246 1955 ex
1270 1887 1396 1958 eadem

205 2013 456 2085 materiatione
490 2022 568 2081 orta
595 2021 662 2093 est,
690 2033 764 2103 qua
794 2009 970 2104 triglyphi
1004 2011 1041 2080 in
1067 2014 1203 2085 aedibus
1226 2013 1396 2105 Doricis;

205 2143 282 2215 i..e.
325 2141 358 2212 Ε
393 2139 659 2210 cantheriorum
703 2138 908 2230 projectura
936 2149 974 2207 et
1014 2162 1137 2211 eorum
1170 2143 1399 2242 intertigniis.

209 2271 294 2356 Qua
338 2267 383 2336 de
420 2286 529 2334 causa
568 2273 733 2356 utraque,
773 2272 810 2332 et
852 2259 946 2331 inter
981 2262 1184 2360 triglyphos
1228 2278 1265 2337 et
1306 2272 1403 2345 inter

210 2397 425 2483 denticulos,
483 2395 665 2468 intervalla
713 2421 736 2466 a
782 2393 921 2467 Graecis
971 2405 1124 2492 metopae
1180 2397 1266 2467 dicti
1311 2412 1404 2473 sunt.

211 2529 353 2620 Quibus
394 2528 592 2602 rationibus
641 2529 844 2627 refragatur
898 2527 1042 2623 quidem
1101 2527 1299 2618 Vitruvius,
1343 2532 1405 2628 qui

212 2657 413 2731 denticulos
447 2659 492 2730 de
526 2684 684 2732 asserum
721 2660 916 2734 interiallis
952 2662 1147 2758 explicat⁴‚
1184 2663 1247 2732 sed
1279 2661 1405 2737 suffra-

213 2802 362 2908 gantur¹
396 2803 638 2863 monuments.
708 2791 805 2864 Nam
857 2793 891 2862 in
942 2790 1185 2864 monumentis
1236 2791 1405 2888 Persicis,

215 2925 425 3012 Telmissiis,
466 2928 625 3018 denique
658 2919 797 3019 po'rticu
835 2929 972 2996 minore
1008 2926 1201 2998 Erechthei
1235 2931 1406 3006 denticuli

214 3055 328 3150 ipsius
355 3052 505 3146 zephori
527 3051 644 3123 locum
673 3057 979 3148 occupaverunt?

270 3207 313 3240 “‘
329 3199 477 3270 Tectum
523 3198 690 3272 cellarum
733 3197 875 3282 decidit,
914 3207 1025 3297 atque
1067 3199 1105 3270 io
1150 3224 1225 3274 unc
1264 3172 1405 3297 porticu

215 3327 448 3426 Caryatidum
464 3328 643 3424 integrum
662 3328 780 3400 adhuc
798 3336 917 3400 restat.
959 3325 1224 3406 Lacunardtus
1241 3346 1406 3412 ornatum

217 3466 274 3529 est
300 3455 368 3526 hoc
396 3454 588 3549 quadratis,
616 3478 699 3549 quae
727 3457 763 3526 in
790 3457 974 3551 superiore
999 3445 1100 3553 parte
1130 3465 1408 3555 contrahuntur,

218 3589 330 3660 ternis
346 3585 507 3682 cymatiis
525 3595 563 3658 et
580 3587 724 3683 quadris
747 3587 926 3682 descripta
935 3587 961 3662 ⁵.
1014 3589 1106 3678 Quae
1116 3591 1193 3690 jam
1210 3595 1409 3692 AEschylus

220 3715 256 3786 in
298 3713 453 3786 thalamo
497 3715 738 3787 construendo
781 3715 940 3788 adhibita
981 3720 1168 3816 perspicue
1208 3726 1411 3823 designarit

262 4016 271 4046 ¹
293 4009 379 4067 wilk.
399 4009 506 4067 Athen.
527 3997 555 4081 p.
572 4007 640 4066 206.
683 4009 789 4067 Stuart.
843 4013 872 4068 S.
887 4012 927 4068 ll.
949 4031 977 4086 p.
989 4017 1058 4080 499.
1073 4017 1142 4080 591.

224 4103 265 4161 11.
278 4109 306 4160 2.
327 4101 410 4176 ρ1.4.
881 4104 892 4138 ⁴
913 4104 1076 4162 Vitruvium
1102 4107 1130 4162 in
1153 4125 1187 4162 ea
1210 4125 1239 4164 re
1259 4109 1361 4169 salsum
1385 4125 1413 4174 et

265 4197 342 4252 'De
368 4196 453 4252 scutis
478 4193 515 4253 cl.
542 4193 630 4269 Eurip
656 4193 792 4252 Erechth.
842 4199 878 4255 ab
901 4215 937 4256 eo
963 4200 1178 4260 discendendum
1206 4221 1275 4278 esse,
1302 4207 1413 4282 judicat

224 4297 327 4372 fragm.
339 4291 367 4351 6.
388 4313 417 4369 p.
431 4299 500 4354 scs.
524 4293 611 4350 Beck.
842 4291 990 4354 Hirt.l.1.
1012 4292 1121 4370 p.106.

240 4387 412 4464 ·⁸Egregie
433 4388 467 4446 de
488 4403 522 4446 eo
546 4385 676 4446 Clerkius
700 4387 734 4448 P.
753 4387 792 4446 11.
880 4385 1019 4450 ‘Stuart
1033 4390 1072 4465 pl.
1088 4397 1135 4450 18.
