3218 5116
491 897 641 984 cassa.
669 899 757 981 ΙΙΙ.
812 901 937 983 Sacr.
965 901 1029 984 11.

560 1175 973 1251 PROLEGOMENA.

606 1489 611 1500 ,
703 1447 833 1492 -4-

238 1665 280 1758 J
285 1705 337 1756 sn
360 1683 502 1756 tandem
519 1685 564 1756 ad
581 1708 641 1757 eas
659 1683 908 1784 inscriptiones
930 1686 1068 1760 Atticas
1092 1685 1255 1763 uenimus
1272 1708 1351 1785 quae

161 1841 242 1930 quo
279 1828 437 1914 tempore
469 1820 632 1892 marmori
667 1818 796 1892 tradita
825 1819 897 1892 siut
922 1816 993 1891 dici
1023 1818 1159 1916 nequit.
1209 1815 1351 1892 Horum

166 1953 318 2027 ordines
331 1925 333 1931 Α
346 1955 482 2026 ducunt
514 1977 689 2026 marmora
708 1955 869 2050 quaedam
896 1955 943 2026 ad
964 1952 1227 2052 tempiaatque
1249 1953 1287 2026 in
1309 1949 1352 2023 iis

165 2101 355 2164 asservata
383 2091 578 2174 ἀναθήματα
612 2088 836 2184 pertinentia.
889 2087 962 2159 Hic
994 2111 1037 2160 ea
1070 2110 1151 2182 quae
1180 2101 1355 2165 memorat

167 2219 384 2292 Juvenaiis¹
411 2229 496 2292 anta
522 2217 643 2292 oculos
667 2217 779 2315 posita
804 2215 977 2301 videmus,

575 2352 905 2441 veteris—*grandia
925 2351 1033 2438 tempii

330 2471 450 2540 Pocula
473 2473 633 2538 adorandas
654 2467 810 2556 robiginis,
836 2483 867 2534 et
889 2470 1076 2556 populorum
1147 2553 1150 2560 .

328 2587 436 2666 Dona,
461 2588 508 2651 vel
533 2587 658 2675 antiquo
681 2586 796 2674 positas
818 2611 835 2652 a
857 2609 929 2673 rege
951 2607 1094 2651 coronas.

253 2726 433 2818 Quantum
452 2705 598 2824 exipsis
617 2727 850 2802 marmoribus
867 2739 977 2825 atque
994 2737 1040 2800 ex
1056 2723 1131 2796 aiiis
1149 2723 1356 2799 auctoribur

167 2861 346 2960 ¹augurari
377 2859 475 2944 iicet,
512 2859 582 2932 fine
620 2858 839 2956 singulorum
870 2880 1045 2929 annorum
1077 2853 1356 2929 recensebantur

175 2990 299 3064 omnia
320 2991 356 3062 in
373 2986 512 3085 templis
533 2989 675 3060 condita
692 2985 852 3070 donaria,
869 2995 977 3080 atque
994 2987 1150 3057 omnium
1173 2985 1355 3084 catalogus

179 3121 299 3193 factus
313 3129 437 3216 postea
448 3117 613 3190 marmori
627 3116 842 3190 tradebatur.
881 3115 1065 3216 Ejusmodi
1079 3119 1308 3192 recensiones
1320 3119 1356 3192 in
1401 3205 1407 3222 Ι

61 3347 64 3354 Ι
171 3251 351 3333 Romanis
380 3251 521 3346 templis
545 3251 702 3326 subinde
726 3251 838 3324 factas
856 3251 975 3324 innuit
992 3251 1149 3341 Livium,
1177 3252 1357 3328 ministros

175 3391 201 3426 “
213 3383 324 3456 sacris
342 3383 560 3479 inquirendis
579 3393 616 3457 et
634 3385 735 3457 donis
754 3380 1031 3488 persignandis”
1050 3383 1260 3456 constitutos
1278 3397 1356 3456 etse

176 3517 315 3588 dicens.
366 3513 449 3588 Nec
466 3514 570 3588 aliter
589 3516 685 3612 apud
710 3515 911 3600 Tacitum⁸;
935 3516 1138 3615 Agricolam
1167 3517 1355 3590 “electum

175 3668 258 3718 esse
271 3645 315 3716 ad
328 3643 537 3739 templorum
550 3643 644 3716 dona
658 3645 948 3743 recognoscenda
958 3651 980 3678 ''
995 3645 1166 3718 videmus.
1195 3643 1358 3738 Quatuor

178 3775 360 3876 catalogos
384 3775 563 3850 Marmora
598 3775 739 3876 singula
768 3779 943 3876 recepisse
969 3777 1148 3868 videntur,
1171 3793 1208 3851 et
1237 3778 1360 3854 omnia

178 3935 333 4008 quorum
350 3908 453 3990 initia
470 3921 725 3984 conservantur
746 3911 791 3982 ab
815 3913 938 3984 eadem
964 3909 1039 3983 sere
1059 3910 1212 3984 formula
1232 3911 1358 3986 verbo·

180 4063 259 4110 rum
285 4039 474 4137 incipiunt,
502 4049 633 4117 ΤΑΔΕ
668 4049 956 4121 ΡΑΡΕΔΟΣΑΝ
995 4051 1074 4120 ΗΑΙ
1107 4051 1359 4118 ΤΕΠΑΡΕΣ

180 4183 319 4292 saxna
357 4182 438 4249 uxr
473 4181 721 4252 aaraoxnu
749 4182 853 4250 τοΝ
889 4182 1065 4256 noros.
1119 4173 1211 4250 cnm
1238 4166 1369 4250 auten·

257 4463 265 4493 ¹
287 4467 346 4526 sa.
361 4467 445 4528 xm.
462 4474 527 4534 ιη.
608 4467 700 4534 ’un
716 4472 814 4530 xxv.
828 4479 857 4539 7.
936 4443 1132 4535 manvu.
1146 4469 1321 4552 rigueto.
