3218 5116
795 397 864 472 146
1194 403 1341 492 [Conse.
1364 405 1431 470 lll.

232 605 330 656 mem
344 593 449 660 notu
463 581 634 659 morture
647 580 869 654 commissos.
896 577 1143 654 Schneiderus
1158 602 1234 652 rem
1252 577 1350 649 houd
1362 599 1429 670 pro

234 713 336 784 solito
351 723 388 783 et
403 709 535 783 eximin
553 709 632 807 ejus
650 710 814 783 doctrino
831 710 994 782 tentavit.
1038 708 1120 807 Ego
1140 720 1240 782 notor
1257 709 1428 806 Anglicee

178 827 185 840 ⁶
235 836 423 909 Willrinsii
445 836 523 909 fere
546 859 687 931 semper
706 833 837 934 latine
860 833 1011 921 reddidi,
1037 859 1192 930 paucae
1214 817 1429 907 Schneideri

147 1000 152 1011 ·
234 971 270 1042 in
289 967 491 1042 Vitruvium
510 968 715 1042 doctissima
732 969 978 1054 annotatione,
997 981 1112 1062 puuco
1126 951 1272 1064 quoqne
1291 989 1312 1037 e
1329 987 1427 1061 penu

236 1119 315 1167 meo
329 1093 466 1180 addidi,
483 1106 520 1167 et
536 1107 662 1190 postea
681 1072 829 1167 Mutter'i
849 1107 952 1167 notus
968 1095 1105 1190 ubique
1121 1093 1304 1190 exscripsi.

299 1221 381 1298 Jum
399 1223 520 1321 ulique
541 1227 586 1298 de
607 1235 712 1298 aetute
736 1225 996 1322 inscriptionis,
1023 1239 1060 1299 et
1077 1228 1121 1300 de
1139 1227 1217 1324 ipso
1234 1225 1367 1323 templo
1382 1225 1428 1297 de

234 1382 308 1454 quo
322 1357 455 1455 agitur,
470 1357 628 1430 breviter
646 1359 845 1430 monendus
859 1371 914 1432 est
931 1360 1074 1434 Lector:
1110 1360 1167 1432 Ex
1184 1362 1261 1456 ipen
1277 1357 1428 1454 inscrip-

234 1489 345 1576 tione,
373 1485 540 1560 mormori
563 1489 726 1561 traditam
745 1512 825 1562 esee
849 1491 1035 1564 Archonte
1055 1491 1184 1562 Diocle
1204 1490 1290 1562 sutis
1315 1497 1427 1584 patet.

234 1619 383 1694 Diocles
416 1631 538 1694 trutem
574 1623 721 1694 h‘rchon
757 1631 835 1694 erat
865 1645 963 1694 anno
999 1621 1024 1718 Ξ
1058 1621 1203 1720 Olymp.
1239 1645 1333 1695 xcu.
1375 1645 1426 1695 ec.

151 1835 155 1844 ,
232 1775 267 1827 Δ.
283 1778 315 1827 c.
331 1747 440 1840 409¹.
493 1749 551 1822 De
570 1749 706 1846 templo
730 1751 825 1822 haud
852 1750 974 1823 omnia
994 1751 1131 1848 liquida
1153 1759 1264 1848 atque
1291 1760 1426 1844 opertu.

230 1882 477 1961 Erechtheum
505 1880 763 1978 appellabatur,
792 1877 922 1979 judice
951 1877 1158 1965 erhinsio,
1184 1880 1282 1976 quod
1311 1879 1349 1950 in
1383 1903 1430 1952 eo

230 2015 312 2085 loco
334 2037 408 2111 quo
437 2023 585 2086 steterat
617 2011 874 2096 Erechtheum,
902 2021 939 2082 et
962 2011 1037 2106 ipse
1061 2009 1289 2083 Erechtheus
1307 2010 1429 2106 sepul·-

231 2151 290 2212 tus
324 2151 391 2226 est,
437 2140 691 2214 aerlilicurctur.
757 2137 937 2211 Minerrae
982 2137 1122 2210 Poliodi
1162 2149 1201 2211 et
1241 2140 1429 2212 Pandroso

232 2269 406 2366 Cecropis
435 2270 519 2344 fitiae
547 2272 715 2358 dicatum,
743 2272 798 2346 vel
829 2273 949 2369 potius
974 2295 1056 2342 cum
1084 2269 1264 2346 Minervae
1294 2272 1429 2368 templo

231 2395 492 2490 Pandroseum¹
509 2401 746 2497 conjunctum
774 2424 853 2473 esse
880 2402 987 2473 docet
1018 2399 1254 2474 Pausanius'.
1298 2399 1429 2473 Archi-

229 2535 364 2596 tectum
397 2524 521 2618 templi
556 2525 667 2595 luisse
702 2523 901 2597 Philoclem
939 2528 1046 2599 docet
1066 2526 1266 2624 'inscriptio
1292 2541 1427 2615 nostro,

230 2651 334 2748 cujus
356 2672 488 2722 nomen
509 2673 608 2721 nunc
624 2651 778 2744 primum
798 2649 835 2721 in
858 2663 1021 2748 opertum
1040 2656 1217 2751 prolatum
1236 2668 1291 2730 est
1308 2657 1428 2732 studio

231 2773 431 2850 Willrinsii.

292 2902 438 2978 Partem
450 2903 658 2978 orientalem
671 2907 863 2996 Minervae,
877 2909 1236 2989 occidentalemvero
1248 2918 1425 2993 Pandroei

228 3035 400 3130 templum
438 3031 550 3108 fuisse
588 3035 818 3112 Wilkinsius·
847 3047 884 3109 et
922 3039 1080 3112 Leelrius
1121 3045 1289 3117 docent³.
1353 3047 1426 3120 Alii

227 3163 359 3259 triplex
391 3187 471 3238 esre
495 3165 666 3260 templum
701 3168 914 3253 voluerunt;
949 3180 1084 3264 partem
1115 3195 1163 3245 sc.
1199 3177 1424 3264 orientalem,

229 3287 490 3374 Erechtheum,
528 3289 788 3366 occidentalem
831 3319 917 3370 vero
948 3299 1129 3374 Minervae
1167 3265 1352 3404 templum,
1389 3320 1426 3382 et

229 3415 409 3510 porticum
425 3413 779 3515 'Stylugalmaticum
811 3424 988 3498 Pandroei
1018 3429 1185 3503 sacellum
1219 3444 1425 3509 vocantee⁴.

232 3542 305 3617 Sed
344 3555 458 3616 totum
507 3547 699 3620 aedilicium
747 3550 986 3645 proculdubio
1031 3555 1276 3633 Erechtheum
1323 3575 1426 3638 vocnt

232 3671 482 3745 Pausaniae⁵.'
529 3673 778 3749 Pandroseum
813 3691 854 3751 ut
887 3705 909 3750 a
945 3679 1133 3774 Willrineii
1166 3689 1288 3766 tabule
1322 3717 1426 3767 aenea

231 3797 316 3871 sotir
334 3800 486 3895 patebit,
512 3805 601 3878 dues
627 3815 748 3901 purten
769 3807 906 3896 habuit,
938 3813 1033 3887 hnnc
1049 3815 1227 3892 minorem
1256 3833 1293 3896 et
1314 3821 1425 3896 fronti

271 4005 281 4036 ¹
302 4007 348 4070 Cf.
364 4010 472 4075 Coruin.
483 4013 560 4072 Fert.
573 4016 637 4072 An.
650 4013 735 4075 Tum.
746 4017 804 4078 lll.
892 4021 904 4053 ³
923 4022 1011 4084 [ech.
1022 4023 1131 4102 Topog.
1144 4003 1207 4088 nn.
1221 4047 1250 4103 p.
1261 4027 1332 4088 263.

231 4119 260 4174 p.
275 4105 347 4161 25⁵.
395 4219 397 4224 ,
851 4109 902 4262 11⁴
922 4114 1029 4268 Stuzart.
1042 4119 1426 4273 Apiciq.o}lk.pltheps,‘l'oup.

272 4292 284 4325 ¹
305 4291 427 4352 raum.
446 4291 471 4350 1.
494 4293 515 4354 l.
536 4301 588 4360 27.
622 4293 669 4356 Cl.
694 4313 801 4376 quoquo
850 4223 1143 4364 i'umctiiteiullimeoe
1155 4325 1186 4382 p.
1196 4313 1247 4370 2³.
1261 4217 1427 4372 25:32⁸.

233 4379 340 4441 Herod.
368 4381 453 4442 Vlll.
488 4388 536 4444 ⁵5.
571 4393 601 4443 et
635 4387 799 4464 Apollodor.
850 4393 1237 4477 (TrovcleinGreeee,c.ii.
1260 4413 1367 4484 ΜΕ.)

233 4469 290 4528 lli.
307 4479 354 4533 1⁴.
891 4485 979 4548 ’‘Ubi
993 4507 1086 4564 eupre.
