3188 5102
778 377 851 466 996
1202 385 1350 470 [cluss.
1373 389 1430 455 lV.

232 563 422 635 commissa
462 561 517 648 sit,
553 561 674 632 dicere
714 584 867 656 nequeo.
936 559 1054 632 Aliam
1101 561 1229 632 eodem
1267 573 1431 658 tempore

232 699 344 785 atque
368 691 449 762 loco
474 687 746 783 inscriptionem
774 687 865 760 vidit
889 697 1000 783 atque
1034 687 1224 782 exscripsit
1251 690 1429 776 Clerhius,

232 816 270 887 in
300 839 374 912 qua
402 839 483 886 cum
513 815 659 910 quidam
683 815 867 910 Ἀντιοχεῦς
888 815 955 886 sind
981 809 1173 909 Μαιάνδρου
1201 827 1428 899 memoretur,

232 943 462 1016 manifestum
504 954 560 1016 est
587 942 860 1038 inscriptionem
901 944 996 1014 haud
1043 942 1259 1038 Olympiade
1294 955 1428 1015 cxxv⁸.

233 1071 465 1144 vetustiorem
494 1096 574 1144 esse
602 1095 720 1166 posse,
753 1094 835 1142 cum
866 1072 961 1142 circa
996 1071 1032 1142 id
1061 1080 1202 1165 tempus
1229 1072 1428 1143 Antiochus

232 1203 278 1274 ad
302 1201 537 1274 Maeandrum·
564 1201 742 1274 edificata
766 1203 822 1273 sit.
875 1200 918 1272 In
947 1200 1074 1272 eodem
1105 1209 1227 1271 eutem
1255 1223 1428 1273 marmore

233 1330 434 1427 Sophocles
454 1331 647 1426 Sophoclis
661 1330 893 1402 Atheniensis
909 1330 933 1402 f.
953 1329 1133 1427 tragoedia
1146 1329 1274 1401 vicisse
1287 1329 1426 1402 dicitur.

234 1457 364 1530 Suidas
399 1473 521 1532 autem
556 1459 774 1555 Sophoclem
820 1461 1002 1555 quendam
1040 1459 1248 1554 tragoedum
1281 1481 1304 1530 e
1345 1459 1427 1530 clari

234 1585 328 1658 illius
356 1586 546 1681 Sophoclis
574 1609 712 1682 genere
738 1595 857 1658 ortum
888 1596 971 1680 post
1002 1584 1185 1658 Pleiadem
1212 1585 1426 1682 tragicorum

235 1718 314 1812 (qui
356 1739 405 1786 sc.
451 1714 648 1788 Ptolemaeo
685 1715 736 1787 ll.
778 1715 1017 1810 Philadelpho
1058 1713 1258 1807 floruerint)
1300 1716 1426 1788 vixisse

233 1851 396 1915 testatur.
450 1841 669 1913 Ptolemaeus
701 1852 821 1916 eutem
859 1843 918 1914 01.
948 1866 1064 1914 cxxx.
1101 1857 1136 1912 2.
1171 1853 1332 1915 mortuus
1364 1856 1426 1916 est.

235 1971 330 2044 Haec
361 1996 451 2068 ergo
481 1971 666 2066 inscriptio
702 1973 799 2046 circa
828 1971 885 2044 01.
905 1996 989 2045 cxx.
1022 1972 1057 2042 in
1092 1996 1268 2044 marmore
1300 1974 1427 2068 scripte

233 2113 300 2176 est.
353 2100 491 2174 Nostra
524 2113 657 2187 autem,
694 2114 732 2173 ut
770 2101 922 2188 videtur,
956 2101 1077 2197 paullo
1109 2112 1231 2188 antea,
1264 2127 1347 2176 curn
1381 2105 1427 2177 ibi

235 2231 430 2328 Digemme
462 2230 609 2328 legatur
641 2243 678 2302 et
719 2220 1043 2303 Orchomeniolum
1079 2233 1225 2328 propria
1257 2233 1428 2307 dialectus

234 2361 395 2432 nondum
428 2356 646 2454 negligatur.
693 2359 884 2432 lectorum
911 2359 1040 2456 gratia,
1067 2361 1127 2433 hic
1149 2385 1227 2433 eam
1250 2361 1428 2458 inscripti-

234 2510 342 2560 onem
377 2485 422 2555 de
456 2507 529 2578 que
559 2509 669 2578 supra
700 2484 773 2581 egi,
811 2510 892 2558 cum
933 2509 1007 2558 une
1040 2498 1078 2559 et
1109 2489 1222 2561 altera
1253 2501 1428 2584 praeterea

233 2614 396 2683 adhunc
423 2633 498 2681 rem
525 2611 752 2700 facientibus,
778 2615 988 2688 exscribam.
