3218 5116
814 381 884 442 208
1216 381 1365 468 [Cunss.
1391 387 1452 452 lll.

318 547 533 622 Notandum
563 559 616 622 est
653 547 763 624 tinem
804 550 1032 650 Epigrnphes
1054 553 1164 638 ,haud
1200 557 1326 628 eodem
1366 581 1455 632 curn

208 705 211 714 ·
243 710 286 760 nc
324 687 466 760 initium
508 687 680 784 scriptum
729 711 819 762 esse.
881 685 1040 764 Numeri
1083 689 1180 763 haud
1230 693 1304 767 suis
1348 695 1454 770 lineis

245 827 490 913 opponuntur,
518 827 561 890 et
593 817 717 891 multus
745 841 867 914 prarae
896 819 1072 894 lectiones
1103 821 1343 900 inducuntur.
1394 827 1452 899 ef·

243 950 286 1024 ll.
310 963 391 1023 124.
423 947 504 1024 162.
533 960 615 1040 174.
668 951 727 1025 De
751 953 889 1024 s'urnma
913 975 1034 1025 rerum
1064 953 1114 1026 itu
1136 978 1224 1029 rere
1256 955 1449 1032 Miillerus.

320 1083 481 1158 “nacte
505 1081 734 1182 intelligitur,
764 1091 942 1182 quantum
965 1084 1131 1156 conferat
1159 1086 1239 1158 lraec
1262 1085 1451 1183 inscriptio

248 1215 294 1288 ud
329 1217 539 1288 methodum
576 1215 795 1288 noscendum
830 1225 869 1288 et
902 1215 1066 1290 ordinem
1100 1226 1264 1290 veterum
1298 1217 1339 1290 in
1374 1219 1450 1291 rede

245 1346 481 1443 perficiendo.
550 1349 724 1445 Apparet,
763 1347 869 1444 pluro
906 1347 953 1420 ab
990 1345 1036 1419 iis
1071 1347 1222 1420 seorsim
1259 1349 1383 1422 excisa
1416 1361 1450 1422 et

245 1480 385 1576 sculpta
405 1503 497 1569 esse,
523 1503 607 1576 quse
630 1503 715 1551 cum
742 1478 822 1550 aliis
846 1477 1017 1551 membris
1042 1501 1090 1551 ex
1114 1503 1190 1551 uno
1214 1503 1302 1554 saxo
1329 1479 1449 1586 secere

167 1655 182 1680 .
244 1620 424 1705 poterant.
479 1609 536 1680 ltu
556 1608 601 1680 de
619 1607 775 1706 cymatio
799 1606 957 1705 epistylii
977 1607 1077 1681 etde
1094 1606 1288 1682 denticulis
1305 1631 1449 1682 corone

238 1739 384 1838 judices
419 1762 569 1812 necesse
603 1749 681 1812 cst:
723 1738 832 1810 immo
861 1748 1082 1832 ornaments
1115 1737 1272 1834 capitelli
1301 1737 1447 1834 parietis

208 1967 214 1982 υ
244 1871 291 1944 ab
330 1869 409 1966 ipso
446 1869 618 1966 capitello
659 1881 797 1944 semota
839 1878 1095 1943 memorentur.
1165 1871 1287 1946 Omne
1328 1881 1447 1945 nutem

246 1997 412 2071 subtilius
442 1995 646 2072 nrtilicium¹
671 2025 694 2072 u
727 2001 808 2074 rudi
843 2022 954 2096 opero
987 1998 1153 2095 lapicidae
1183 2000 1291 2097 plane
1327 2023 1447 2099 segre·

246 2141 384 2231 gotum,
408 2130 458 2204 its
475 2142 515 2203 ut
535 2129 595 2206 ulii
614 2129 841 2216 exciderent,
864 2127 926 2201 ulii
950 2127 1131 2213 simonent,
1155 2129 1217 2202 alii
1235 2130 1444 2230 sculperent.

249 2265 505 2367 Distinguitur'
541 2267 637 2354 inter
679 2266 817 2355 τέμνειν,
861 2270 954 2338 λεῖον
998 2271 1177 2352 ποιεῖσθαι,
1218 2270 1445 2352 κατατέμνειν,

247 2399 414 2492 καταξεΐν,
444 2394 604 2496 ῥαβδοῦν,
631 2396 725 2468 intel·
751 2394 956 2493 ἐργάζεσθαι
988 2405 1026 2467 et
1052 2396 1315 2495 ἑποργᾶζεσθοι.
1370 2397 1445 2470 Hoc
1490 2461 1492 2468 ,

246 2527 460 2624 plerumque
493 2526 615 2612 fiebat,
649 2549 730 2598 cnm
766 2523 903 2620 lapides
925 2524 1003 2624 jum
1035 2549 1101 2596 suo
1128 2524 1209 2598 loco
1245 2527 1282 2597 in
1310 2519 1476 2624 puniete'

247 2656 353 2750 positi
382 2665 517 2734 mont,
554 2655 616 2750 qui
644 2678 729 2726 usus
753 2654 862 2725 etium
889 2655 987 2749 opud
1004 2655 1217 2754 'AEgyptios
1238 2658 1446 2734 observatur

247 2783 403 2884 capitula
430 2783 636 2880 sculpentes
655 2784 734 2886 jum
762 2783 937 2856 columnis
964 2783 1166 2882 impositn.”

323 2917 421 2990 “Set
455 2912 584 2988 multus
620 2939 726 2990 voces
766 2915 917 2988 Graecus
949 2915 986 2988 in
1016 2915 1085 2988 hac
1115 2903 1353 3014 inscriptione
1375 2914 1445 2988 solu

245 3061 398 3140 exstare,
427 3051 479 3124 lo.
503 3049 552 3122 G.
572 3049 798 3136 Schneideri,
826 3049 885 3122 cui
907 3047 1079 3144 imprimis
1102 3049 1207 3123 velim
1232 3050 1313 3124 lraec
1336 3070 1443 3146 opero

246 3184 399 3284 placeat,
442 3193 568 3257 ocutos
613 3183 738 3256 oculos
781 3208 855 3255 non
899 3183 1006 3283 fugit.
1075 3181 1199 3278 Atque
1239 3185 1348 3258 verbs
1382 3213 1439 3267 μα·

247 3317 436 3410 σχαλιοῖος,
476 3315 567 3388 λίθοι
595 3307 726 3409 πρόοῷ
755 3310 802 3382 ‘rei
831 3308 898 3407 ζῷα
928 3311 970 3405 (t.
1002 3335 1040 3408 q.
1075 3303 1272 3408 διάζωσμα),
1312 3317 1435 3408 γεῖσον,

244 3443 443 3532 dulceamen,
489 3437 718 3542 ἇρῥόβδοιτοι,
766 3438 967 3535 πρόστασιι,
1015 3443 1239 3540 ὄρθιον-ἄτης,
1292 3446 1436 3539 θνηχοῦν,

243 3580 423 3680 ἔποροφὶα,
470 3578 592 3676 κᾶλχη,
643 3581 730 3650 λίθοι
778 3579 942 3666 aisn-raiol,
998 3577 1100 3676 ζύγα,
1149 3578 1340 3677 ὑπέρθυρον,
1389 3569 1439 3652 οὖν

241 3708 292 3780 G.
324 3705 486 3780 Willrins
509 3705 588 3805 jam
624 3703 701 3778 fere
741 3698 942 3797 explicavit,
986 3703 1097 3778 salsus
1132 3713 1253 3778 tamen
1286 3717 1326 3782 ut
1356 3711 1439 3801 puto

243 3839 281 3913 tn
306 3838 585 3936 interpretandis
606 3840 753 3924 πλίνθοι,
773 3833 972 3932 ἑπικρσνῖτιι
990 3838 1117 3933 (quam
1136 3836 1274 3910 Athen.
1299 3835 1343 3908 V.
1359 3843 1439 3910 205.

243 3973 286 4048 τὸ
329 3978 448 4068 γεῖσον
490 3971 548 4048 ἔως
589 3973 651 4042 τοῦ
694 3964 955 4064 περιτρέχοντοι
994 3967 1222 4059 ἐπιστυλίου),
1264 3965 1440 4062 ’γογγύλον

242 4112 346 4194 λίθος,
380 4107 568 4202 άπὶμορω,
602 4098 762 4186 pivone,
798 4095 908 4196 cippo's,
943 4097 1107 4218 ἁνθέμιον,
1142 4107 1336 4198 σφηκίσκον,
1361 4099 1437 4184 infir,

244 4243 312 4316 nisi
342 4241 493 4314 fortasse
523 4237 561 4310 in
593 4230 808 4332 quibusdam
839 4239 993 4328 uterque
1023 4229 1214 4305 fallimur.’'

241 4421 276 4480 sd
298 4417 437 4496 Hesych.,
456 4414 575 4476 Hesiod.
598 4414 677 4473 Scut.
699 4431 727 4472 u.
751 4416 822 4478 271.
843 4417 872 4469 et
892 4417 956 4486 pont
979 4409 1157 4486 Stephanum
1180 4412 1210 4470 in
1234 4429 1313 4488 voce,
1336 4409 1435 4472 Αὺιο.

242 4515 330 4576 vnl.
353 4535 381 4590 p.
396 4511 466 4574 360.
