3218 5116
221 373 349 438 lusce.
372 363 488 467 vrit]
803 385 869 447 155

220 547 405 644 ambiguis
451 567 573 646 neque
609 554 719 627 certis
763 557 1008 653 appellabunt,
1045 564 1186 658 porlote
1223 565 1417 666 interjecto

220 675 490 786 discriminatur
519 682 556 753 in
584 682 758 783 ἀνδρῶνα
789 690 970 785 quendem
999 693 1250 768 adorientem
1284 709 1320 770 et
1349 729 1418 792 'yv-

220 814 383 879 ναικῶνα
397 809 445 880 ed
460 811 689 888 occidentem
708 817 829 891 solem.
872 819 976 891 lllum
994 823 1148 1020 proprie
1154 820 1415 914 Erechtheum,

220 934 319 1006 hunc
353 933 536 1010 Minervae
555 943 706 1038 sonum·
731 945 1058 1041 appellabis.·Cu
1055 947 1117 1046 jus
1150 973 1233 1047 pers
1266 953 1417 1029 interior

220 1065 293 1162 ipsi
307 1067 396 1154 ceo,
423 1095 507 1166 pers
528 1074 710 1149 alternet
738 1079 856 1151 minor
881 1077 1078 1152 Pandroso
1106 1091 1317 1154 consecrem
1345 1095 1414 1160 est

222 1193 297 1268 Sed
324 1195 535 1307 Pundroseo
554 1206 688 1279 'addite
716 1219 771 1280 est
794 1209 963 1301 porticus
995 1209 1251 1308 Caryatidom,
1277 1213 1313 1284 in
1344 1239 1417 1310 qun

220 1327 312 1400 oter.
381 1329 551 1426 Cecropis
584 1337 792 1430 sepulcrum
826 1350 881 1412 est
919 1341 956 1412 in
998 1341 1145 1439 edgrtlo'
1173 1342 1279 1439 hujus
1312 1341 1416 1415 cellte
1503 1335 1505 1343 ’

219 1479 334 1572 prope
371 1485 450 1536 eum
491 1465 682 1559 porticum.
752 1469 879 1542 Altero
918 1471 1082 1563 porticus
1124 1471 1416 1570 magnificentior

219 1591 330 1666 efficit
346 1601 384 1666 et
403 1595 490 1692 sutis
508 1595 665 1692 emplum
682 1598 771 1672 redis
791 1597 983 1674 Minerv'iae
1001 1599 1227 1672 vestibulum.
1286 1596 1415 1671 Tertia

218 1719 377 1819 denique
394 1725 580 1825 fastigium
606 1727 759 1800 sustinet
785 1723 998 1813 Erechthei,
1021 1726 1080 1798 c'ui
1108 1726 1415 1800 seoncurtem

218 1849 322 1943 perte
348 1853 477 1926 ostium
504 1864 594 1928 est.''

298 1978 407 2051 “Sed
434 1983 512 2077 jem
550 1984 634 2054 setis
668 1984 731 2054 diu
761 1984 927 2080 legentes
957 1989 1243 2082 argumentando
1275 1995 1328 2058 et·
1344 1983 1416 2056 dis-
1472 1993 1477 2004 “

217 2111 382 2204 putando
407 2110 557 2193 detinui,
585 2111 646 2202 q'ui
680 2129 780 2180 nunc
810 2113 911 2204 queri
946 2135 1052 2184 menn
1088 2105 1260 2207 p'rehensi
1293 2116 1339 2186 ed
1361 2115 1416 2188 ln·

219 2234 356 2305 teriora
385 2233 479 2302 aedis·
501 2233 658 2302 ducendi
681 2241 792 2302 sunt:
819 2233 855 2302 in
891 2233 1134 2326 quibusdum
1166 2256 1247 2332 qum
1275 2250 1416 2330 tempus

220 2359 479 2456 pessumdedit,
517 2371 639 2434 mente
667 2358 829 2445 restituo,
870 2358 1001 2455 quibus
1035 2361 1207 2454 pepercit,
1225 2373 1415 2436 occentu

220 2493 401 2581 describo,
425 2493 565 2568 delubri
582 2491 771 2597 sonctitete
785 2501 822 2563 et
835 2490 1104 2587 pulchritudine
1119 2490 1215 2562 beud
1232 2487 1417 2584 iodssgnior

220 2645 292 2723 ego
309 2626 495 2725 perlegetur
511 2627 665 2699 existere
677 2623 796 2712 velim,
820 2647 926 2721 quarn
946 2625 1183 2698 Peumnies.''

246 2749 254 2759 ’
297 2761 548 2834 “Accedimus
578 2783 601 2830 e
622 2771 740 2854 perte,
767 2781 849 2854 quae
870 2758 917 2828 ed
943 2757 1118 2830 orientem
1144 2757 1259 2829 'solem
1278 2756 1414 2854 ‘verffl't

221 2895 294 2968 Hie
309 2919 369 2966 eru
388 2905 468 2966 eret
488 2892 591 2964 Joots
617 2891 770 2973 Summi,
798 2890 836 2958 in
859 2911 931 2984 que
945 2905 1067 2982 neque
1089 2888 1200 2960 ritule
1214 2887 1414 2988 quidquem

218 3023 417 3106 immotam,
457 3039 578 3112 neque
612 3015 699 3088 vino
731 3015 846 3086 libere
874 3014 952 3085 les:
992 3038 1073 3110 qum
1102 3038 1189 3088 sane
1225 3021 1413 3113 Geor-opos

217 3156 269 3229 llli
301 3150 452 3249 tempori
487 3145 797 3246 et·egricolurum
831 3144 940 3218 tribui
975 3147 1211 3222 conveniunt.
1238 3183 1243 3192 ·
1277 3141 1414 3242 Neque

218 3411 292 3489 qued
310 3411 355 3467 hic
370 3411 508 3486 porticum
522 3413 633 3466 mentm
651 3407 787 3464 mirorem
838 3411 1045 3473 intremuere,
1068 3406 1255 3464 Pandroeerm
1280 3415 1410 3483 feretru-

219 3507 363 3566 Penrlrueo
395 3507 628 3566 conceditur
661 3504 788 3584 epistatae
839 3502 889 3561 vit
931 3503 1019 3576 lgitur
1048 3503 1237 3563 Pandroseum
1262 3524 1328 3580 perr
1350 3515 1411 3567 eret

218 3599 316 3677 templi
340 3601 479 3658 reficiendi
504 3601 605 3658 diserte
631 3605 788 3655 memorent
838 3597 897 3654 leni
912 3597 1052 3665 hlinervii,
1074 3617 1161 3674 neque
1176 3597 1228 3656 boc
1243 3597 1341 3655 abillo
1362 3618 1411 3674 pu·

218 3701 308 3754 «locor
322 3693 366 3752 ἐπὶ
382 3699 488 3753 τοῦτο
450 3699 606 3777 τοῖχοντο
609 3693 772 3775 ῦπρδςτο
735 3693 790 3749 τοῦ
839 3693 1089 3760 neterntermedro
1104 3693 1176 3750 utin
1191 3690 1289 3767 templo
1303 3691 1411 3768 duplice

217 3795 280 3851 llo
281 3789 419 3872 sperem
445 3791 593 3849 Edrurlus
600 3791 684 3846 Dor.
696 3788 788 3848 clarel.
838 3792 898 3850 fleri
920 3801 1043 3860 umere,
1064 3791 1146 3865 plene
1169 3793 1327 3868 sejunctum
1346 3804 1410 3851 eree

216 3889 324 3966 (itiner.
341 3888 376 3944 T.
391 3887 431 3957 ll,
455 3887 508 3966 lile
536 3907 563 3963 p·
577 3883 659 3958 499.)
685 3883 789 3944 Erreb-
836 3897 956 3963 poteret.
991 3887 1119 3966 Denique
1144 3887 1267 3948 lacobus
1286 3887 1411 3962 (Guliel-

218 3967 314 4040 lbeum
341 3989 431 4038 totum
457 3982 543 4053 ponit,
564 3980 646 4056 idque
671 3983 789 4057 partitur
839 3989 914 4058 mus)
931 3979 1048 4038 Willirrs
1062 3983 1185 4056 ejusdem
1199 3982 1344 4038 senteutire
1362 3993 1411 4038 ex·

218 4077 289 4134 iuter
329 4075 491 4132 Minervam
529 4082 558 4130 et
602 4074 787 4146 Pondmsum.
840 4074 1252 4152 tititeuctor,edquemeedem
1261 4075 1410 4148 pertinent.

209 4165 282 4225 'Hoc
309 4177 369 4225 tum
394 4165 455 4224 eliis
484 4164 580 4223 moltis
606 4169 786 4242 argumentis,
840 4169 952 4228 Vellem
979 4175 1236 4236 commonstrarem,
1270 4168 1409 4242 quomodo

215 4270 276 4323 tum
293 4263 347 4323 bec
367 4263 474 4323 ratione
486 4265 655 4337 reprobetur.
698 4267 786 4328 Canis
837 4267 909 4324 celle
932 4267 1020 4324 cuivis
1040 4265 1124 4324 obvia
1148 4274 1177 4323 et
1200 4261 1307 4338 duplice
1329 4249 1407 4320 editu

215 4357 274 4430 ille,
307 4379 369 4437 quae
408 4359 626 4420 Atheniensibus
661 4361 786 4439 prodigio
836 4361 1013 4436 permeabilis
1041 4359 1084 4419 τό
1109 4351 1240 4418 ἅ’δυ’τον
1264 4357 1316 4426 mir
1343 4360 1408 4416 θεοῦ

218 4461 287 4525 erut,
321 4453 388 4514 dom
421 4455 451 4514 in
488 4457 626 4532 templum
641 4445 784 4517 ‘Palladis
836 4457 969 4534 uppellrrri
990 4467 1084 4533 posset
1105 4455 1223 4532 (Herod.
1245 4455 1283 4513 V.
1305 4457 1368 4527 72.)
1392 4451 1396 4459 ’
