<?xml version="1.0" encoding="UTF-8"?>
<!DOCTYPE html PUBLIC "-//W3C//DTD XHTML 1.0 Transitional//EN"
    "http://www.w3.org/TR/xhtml1/DTD/xhtml1-transitional.dtd">
<html xmlns="http://www.w3.org/1999/xhtml" xml:lang="en" lang="en">
 <head>
  <title>
</title>
<meta http-equiv="Content-Type" content="text/html;charset=utf-8" />
  <meta name='ocr-system' content='tesseract 3.04.00' />
  <meta name='ocr-capabilities' content='ocr_page ocr_carea ocr_par ocr_line ocrx_word'/>
</head>
<body>
  <div class='ocr_page' id='page_1' title='image "./inscriptionesgr00rosegoog_0030.png"; bbox 0 0 3174 5094; ppageno 0'>
   <div class='ocr_carea' id='block_1_1' title="bbox 604 374 1376 446">
    <p class='ocr_par' dir='ltr' id='par_1_1' title="bbox 604 374 1376 446">
     <span class='ocr_line' id='line_1_1' title="bbox 604 374 1376 446; baseline 0.001 -4"><span class='ocrx_word' id='word_1_1' title='bbox 604 395 953 446; x_wconf 80' lang='lat' dir='ltr'>rnoureourrnr.</span> <span class='ocrx_word' id='word_1_2' title='bbox 1340 374 1376 444; x_wconf 85' lang='lat' dir='ltr'>ix</span> 
     </span>
    </p>
   </div>
   <div class='ocr_carea' id='block_1_2' title="bbox 134 545 1377 4156">
    <p class='ocr_par' dir='ltr' id='par_1_2' title="bbox 134 545 1377 4156">
     <span class='ocr_line' id='line_1_2' title="bbox 167 545 1371 649; baseline 0.005 -31"><span class='ocrx_word' id='word_1_3' title='bbox 167 545 374 640; x_wconf 84' lang='lat' dir='ltr'>potuissent</span> <span class='ocrx_word' id='word_1_4' title='bbox 403 549 589 622; x_wconf 90' lang='lat' dir='ltr'>tradentes</span> <span class='ocrx_word' id='word_1_5' title='bbox 615 573 714 649; x_wconf 83' lang='lat' dir='ltr'>srepe</span> <span class='ocrx_word' id='word_1_6' title='bbox 747 550 910 639; x_wconf 88' lang='lat' dir='ltr'>irrident,</span> <span class='ocrx_word' id='word_1_7' title='bbox 945 551 1139 648; x_wconf 83' lang='lat' dir='ltr'>castigant,</span> <span class='ocrx_word' id='word_1_8' title='bbox 1174 551 1371 648; x_wconf 86' lang='lat' dir='ltr'>repreben-</span> 
     </span>
     <span class='ocr_line' id='line_1_3' title="bbox 166 677 1372 777; baseline 0.003 -27"><span class='ocrx_word' id='word_1_9' title='bbox 166 677 280 760; x_wconf 89' lang='lat' dir='ltr'>duut;</span> <span class='ocrx_word' id='word_1_10' title='bbox 317 679 493 776; x_wconf 87' lang='lat' dir='ltr'>quicquid</span> <span class='ocrx_word' id='word_1_11' title='bbox 518 691 641 754; x_wconf 90' lang='lat' dir='ltr'>autern</span> <span class='ocrx_word' id='word_1_12' title='bbox 662 681 818 754; x_wconf 87' lang='lat' dir='ltr'>seriores</span> <span class='ocrx_word' id='word_1_13' title='bbox 843 680 902 752; x_wconf 86' lang='lat' dir='ltr'>isti</span> <span class='ocrx_word' id='word_1_14' title='bbox 929 691 1041 777; x_wconf 84' lang='lat' dir='ltr'>atque</span> <span class='ocrx_word' id='word_1_15' title='bbox 1070 680 1151 754; x_wconf 88' lang='lat' dir='ltr'>vani</span> <span class='ocrx_word' id='word_1_16' title='bbox 1178 680 1372 777; x_wconf 76' lang='lat' dir='ltr'>scriptores</span> 
     </span>
     <span class='ocr_line' id='line_1_4' title="bbox 165 803 1372 908; baseline 0.003 -28"><span class='ocrx_word' id='word_1_17' title='bbox 165 803 352 880; x_wconf 90' lang='lat' dir='ltr'>Diodorus</span> <span class='ocrx_word' id='word_1_18' title='bbox 372 819 484 904; x_wconf 87' lang='lat' dir='ltr'>atque</span> <span class='ocrx_word' id='word_1_19' title='bbox 506 810 706 908; x_wconf 88' lang='lat' dir='ltr'>Dionysius</span> <span class='ocrx_word' id='word_1_20' title='bbox 725 813 771 884; x_wconf 90' lang='lat' dir='ltr'>de</span> <span class='ocrx_word' id='word_1_21' title='bbox 790 810 1028 884; x_wconf 86' lang='lat' dir='ltr'>remotissima</span> <span class='ocrx_word' id='word_1_22' title='bbox 1044 820 1224 886; x_wconf 88' lang='lat' dir='ltr'>vetustate</span> <span class='ocrx_word' id='word_1_23' title='bbox 1249 812 1372 906; x_wconf 82' lang='lat' dir='ltr'>(aeque</span> 
     </span>
     <span class='ocr_line' id='line_1_5' title="bbox 166 937 1373 1037; baseline 0.007 -31"><span class='ocrx_word' id='word_1_24' title='bbox 166 937 251 1031; x_wconf 83' lang='lat' dir='ltr'>ipsis</span> <span class='ocrx_word' id='word_1_25' title='bbox 269 963 315 1010; x_wconf 85' lang='lat' dir='ltr'>ec</span> <span class='ocrx_word' id='word_1_26' title='bbox 335 938 439 1032; x_wconf 86' lang='lat' dir='ltr'>nobis</span> <span class='ocrx_word' id='word_1_27' title='bbox 462 940 602 1037; x_wconf 82' lang='lat' dir='ltr'>ignota)</span> <span class='ocrx_word' id='word_1_28' title='bbox 634 942 838 1036; x_wconf 83' lang='lat' dir='ltr'>proferunt,</span> <span class='ocrx_word' id='word_1_29' title='bbox 866 941 900 1013; x_wconf 90' lang='lat' dir='ltr'>id</span> <span class='ocrx_word' id='word_1_30' title='bbox 925 963 1034 1014; x_wconf 88' lang='lat' dir='ltr'>omne</span> <span class='ocrx_word' id='word_1_31' title='bbox 1057 966 1197 1015; x_wconf 86' lang='lat' dir='ltr'>summa</span> <span class='ocrx_word' id='word_1_32' title='bbox 1222 965 1373 1016; x_wconf 87' lang='lat' dir='ltr'>venera·</span> 
     </span>
     <span class='ocr_line' id='line_1_6' title="bbox 165 1067 1371 1165; baseline 0.004 -26"><span class='ocrx_word' id='word_1_33' title='bbox 165 1067 266 1140; x_wconf 91' lang='lat' dir='ltr'>tione</span> <span class='ocrx_word' id='word_1_34' title='bbox 288 1069 585 1164; x_wconf 88' lang='lat' dir='ltr'>amplectuntur;</span> <span class='ocrx_word' id='word_1_35' title='bbox 614 1094 679 1144; x_wconf 83' lang='lat' dir='ltr'>sua</span> <span class='ocrx_word' id='word_1_36' title='bbox 699 1071 859 1165; x_wconf 88' lang='lat' dir='ltr'>denique</span> <span class='ocrx_word' id='word_1_37' title='bbox 884 1070 1023 1144; x_wconf 89' lang='lat' dir='ltr'>somnia</span> <span class='ocrx_word' id='word_1_38' title='bbox 1043 1072 1132 1144; x_wconf 84' lang='lat' dir='ltr'>nihil</span> <span class='ocrx_word' id='word_1_39' title='bbox 1152 1071 1371 1146; x_wconf 87' lang='lat' dir='ltr'>erubescen-</span> 
     </span>
     <span class='ocr_line' id='line_1_7' title="bbox 167 1201 1367 1300; baseline 0.003 -28"><span class='ocrx_word' id='word_1_40' title='bbox 167 1210 221 1272; x_wconf 76' lang='lat' dir='ltr'>tas</span> <span class='ocrx_word' id='word_1_41' title='bbox 255 1223 321 1297; x_wconf 90' lang='lat' dir='ltr'>pro</span> <span class='ocrx_word' id='word_1_42' title='bbox 358 1201 451 1272; x_wconf 85' lang='lat' dir='ltr'>reris</span> <span class='ocrx_word' id='word_1_43' title='bbox 486 1202 675 1274; x_wconf 89' lang='lat' dir='ltr'>inducunt.</span> <span class='ocrx_word' id='word_1_44' title='bbox 746 1202 867 1274; x_wconf 83' lang='lat' dir='ltr'>Pudet</span> <span class='ocrx_word' id='word_1_45' title='bbox 905 1225 993 1274; x_wconf 85' lang='lat' dir='ltr'>sene</span> <span class='ocrx_word' id='word_1_46' title='bbox 1028 1201 1152 1276; x_wconf 88' lang='lat' dir='ltr'>videre</span> <span class='ocrx_word' id='word_1_47' title='bbox 1191 1215 1367 1300; x_wconf 83' lang='lat' dir='ltr'>quantum</span> 
     </span>
     <span class='ocr_line' id='line_1_8' title="bbox 167 1329 1373 1428; baseline 0.005 -28"><span class='ocrx_word' id='word_1_48' title='bbox 167 1329 369 1427; x_wconf 72' lang='lat' dir='ltr'>diligentiae</span> <span class='ocrx_word' id='word_1_49' title='bbox 400 1329 437 1400; x_wconf 94' lang='lat' dir='ltr'>in</span> <span class='ocrx_word' id='word_1_50' title='bbox 467 1330 523 1401; x_wconf 85' lang='lat' dir='ltr'>his</span> <span class='ocrx_word' id='word_1_51' title='bbox 551 1331 660 1404; x_wconf 89' lang='lat' dir='ltr'>rebus</span> <span class='ocrx_word' id='word_1_52' title='bbox 692 1332 756 1405; x_wconf 88' lang='lat' dir='ltr'>viri</span> <span class='ocrx_word' id='word_1_53' title='bbox 783 1355 925 1405; x_wconf 78' lang='lat' dir='ltr'>sunnon</span> <span class='ocrx_word' id='word_1_54' title='bbox 952 1332 1116 1404; x_wconf 90' lang='lat' dir='ltr'>doctrina</span> <span class='ocrx_word' id='word_1_55' title='bbox 1146 1332 1290 1428; x_wconf 77' lang='lat' dir='ltr'>praediti</span> <span class='ocrx_word' id='word_1_56' title='bbox 1317 1334 1373 1406; x_wconf 92' lang='lat' dir='ltr'>in-</span> 
     </span>
     <span class='ocr_line' id='line_1_9' title="bbox 168 1459 1371 1560; baseline 0.005 -28"><span class='ocrx_word' id='word_1_57' title='bbox 168 1459 274 1534; x_wconf 85' lang='lat' dir='ltr'>lioete</span> <span class='ocrx_word' id='word_1_58' title='bbox 301 1461 504 1556; x_wconf 84' lang='lat' dir='ltr'>posuerint,</span> <span class='ocrx_word' id='word_1_59' title='bbox 532 1483 613 1532; x_wconf 85' lang='lat' dir='ltr'>eum</span> <span class='ocrx_word' id='word_1_60' title='bbox 639 1463 785 1534; x_wconf 88' lang='lat' dir='ltr'>minirne</span> <span class='ocrx_word' id='word_1_61' title='bbox 808 1461 1058 1560; x_wconf 84' lang='lat' dir='ltr'>intelligerent</span> <span class='ocrx_word' id='word_1_62' title='bbox 1085 1488 1242 1560; x_wconf 89' lang='lat' dir='ltr'>quonanr</span> <span class='ocrx_word' id='word_1_63' title='bbox 1265 1467 1371 1538; x_wconf 82' lang='lat' dir='ltr'>nrodo</span> 
     </span>
     <span class='ocr_line' id='line_1_10' title="bbox 167 1590 1371 1694; baseline 0.007 -35"><span class='ocrx_word' id='word_1_64' title='bbox 167 1613 233 1660; x_wconf 88' lang='lat' dir='ltr'>sua</span> <span class='ocrx_word' id='word_1_65' title='bbox 252 1590 421 1665; x_wconf 88' lang='lat' dir='ltr'>Minerva</span> <span class='ocrx_word' id='word_1_66' title='bbox 440 1601 537 1663; x_wconf 85' lang='lat' dir='ltr'>esset</span> <span class='ocrx_word' id='word_1_67' title='bbox 556 1591 721 1678; x_wconf 85' lang='lat' dir='ltr'>colenda,</span> <span class='ocrx_word' id='word_1_68' title='bbox 747 1615 903 1689; x_wconf 76' lang='lat' dir='ltr'>quaeque</span> <span class='ocrx_word' id='word_1_69' title='bbox 924 1603 1025 1666; x_wconf 89' lang='lat' dir='ltr'>ortus</span> <span class='ocrx_word' id='word_1_70' title='bbox 1041 1594 1163 1692; x_wconf 87' lang='lat' dir='ltr'>gentis</span> <span class='ocrx_word' id='word_1_71' title='bbox 1181 1604 1219 1666; x_wconf 90' lang='lat' dir='ltr'>et</span> <span class='ocrx_word' id='word_1_72' title='bbox 1235 1593 1371 1694; x_wconf 84' lang='lat' dir='ltr'>lingure</span> 
     </span>
     <span class='ocr_line' id='line_1_11' title="bbox 168 1713 1372 1825; baseline 0.012 -39"><span class='ocrx_word' id='word_1_73' title='bbox 168 1713 314 1790; x_wconf 82' lang='lat' dir='ltr'>Graecae</span> <span class='ocrx_word' id='word_1_74' title='bbox 343 1720 545 1813; x_wconf 73' lang='lat' dir='ltr'>quaerendi,</span> <span class='ocrx_word' id='word_1_75' title='bbox 581 1729 619 1790; x_wconf 83' lang='lat' dir='ltr'>et</span> <span class='ocrx_word' id='word_1_76' title='bbox 651 1722 882 1817; x_wconf 87' lang='lat' dir='ltr'>(quantulum</span> <span class='ocrx_word' id='word_1_77' title='bbox 910 1724 1015 1798; x_wconf 87' lang='lat' dir='ltr'>nobis</span> <span class='ocrx_word' id='word_1_78' title='bbox 1043 1725 1165 1818; x_wconf 80' lang='lat' dir='ltr'>licent)</span> <span class='ocrx_word' id='word_1_79' title='bbox 1203 1726 1237 1798; x_wconf 92' lang='lat' dir='ltr'>in</span> <span class='ocrx_word' id='word_1_80' title='bbox 1272 1728 1372 1825; x_wconf 87' lang='lat' dir='ltr'>ejus·</span> 
     </span>
     <span class='ocr_line' id='line_1_12' title="bbox 169 1848 1372 1948; baseline 0.005 -28"><span class='ocrx_word' id='word_1_81' title='bbox 169 1848 265 1922; x_wconf 90' lang='lat' dir='ltr'>rnodi</span> <span class='ocrx_word' id='word_1_82' title='bbox 283 1850 545 1942; x_wconf 67' lang='lat' dir='ltr'>quaestionibus</span> <span class='ocrx_word' id='word_1_83' title='bbox 563 1851 776 1946; x_wconf 88' lang='lat' dir='ltr'>proficiendi</span> <span class='ocrx_word' id='word_1_84' title='bbox 797 1863 1008 1948; x_wconf 77' lang='lat' dir='ltr'>vernatque</span> <span class='ocrx_word' id='word_1_85' title='bbox 1027 1853 1131 1926; x_wconf 89' lang='lat' dir='ltr'>unica</span> <span class='ocrx_word' id='word_1_86' title='bbox 1153 1854 1244 1925; x_wconf 89' lang='lat' dir='ltr'>ratio</span> <span class='ocrx_word' id='word_1_87' title='bbox 1263 1865 1372 1926; x_wconf 89' lang='lat' dir='ltr'>esset.</span> 
     </span>
     <span class='ocr_line' id='line_1_13' title="bbox 134 1979 1372 2078; baseline 0.002 -25"><span class='ocrx_word' id='word_1_88' title='bbox 134 1993 141 2006; x_wconf 89' lang='grc'><em>·</em></span> <span class='ocrx_word' id='word_1_89' title='bbox 168 1980 289 2053; x_wconf 87' lang='lat' dir='ltr'>Nobis</span> <span class='ocrx_word' id='word_1_90' title='bbox 309 1979 455 2074; x_wconf 88' lang='lat' dir='ltr'>quidem</span> <span class='ocrx_word' id='word_1_91' title='bbox 475 2005 519 2052; x_wconf 89' lang='lat' dir='ltr'>ea</span> <span class='ocrx_word' id='word_1_92' title='bbox 537 2005 613 2052; x_wconf 86' lang='lat' dir='ltr'>sors</span> <span class='ocrx_word' id='word_1_93' title='bbox 629 1980 786 2078; x_wconf 85' lang='lat' dir='ltr'>contigit</span> <span class='ocrx_word' id='word_1_94' title='bbox 809 1981 963 2054; x_wconf 89' lang='lat' dir='ltr'>utnulla</span> <span class='ocrx_word' id='word_1_95' title='bbox 987 1992 1087 2056; x_wconf 86' lang='lat' dir='ltr'>extet</span> <span class='ocrx_word' id='word_1_96' title='bbox 1113 1982 1264 2058; x_wconf 87' lang='lat' dir='ltr'>historia</span> <span class='ocrx_word' id='word_1_97' title='bbox 1288 2007 1372 2078; x_wconf 83' lang='lat' dir='ltr'>quae</span> 
     </span>
     <span class='ocr_line' id='line_1_14' title="bbox 170 2109 1371 2211; baseline 0.005 -31"><span class='ocrx_word' id='word_1_98' title='bbox 170 2132 225 2180; x_wconf 87' lang='lat' dir='ltr'>res</span> <span class='ocrx_word' id='word_1_99' title='bbox 252 2109 403 2180; x_wconf 82' lang='lat' dir='ltr'>Grrecas</span> <span class='ocrx_word' id='word_1_100' title='bbox 423 2133 531 2204; x_wconf 82' lang='lat' dir='ltr'>supra</span> <span class='ocrx_word' id='word_1_101' title='bbox 553 2109 900 2207; x_wconf 82' lang='lat' dir='ltr'>sexingentesimum</span> <span class='ocrx_word' id='word_1_102' title='bbox 924 2111 979 2184; x_wconf 88' lang='lat' dir='ltr'>vel</span> <span class='ocrx_word' id='word_1_103' title='bbox 1008 2112 1371 2211; x_wconf 87' lang='lat' dir='ltr'>septingentesimum</span> 
     </span>
     <span class='ocr_line' id='line_1_15' title="bbox 168 2234 1373 2330; baseline 0.003 -22"><span class='ocrx_word' id='word_1_104' title='bbox 168 2258 305 2308; x_wconf 85' lang='lat' dir='ltr'>annum</span> <span class='ocrx_word' id='word_1_105' title='bbox 329 2245 482 2330; x_wconf 83' lang='lat' dir='ltr'>repetat.</span> <span class='ocrx_word' id='word_1_106' title='bbox 533 2234 657 2308; x_wconf 85' lang='lat' dir='ltr'>Pauca</span> <span class='ocrx_word' id='word_1_107' title='bbox 684 2261 773 2308; x_wconf 88' lang='lat' dir='ltr'>sane</span> <span class='ocrx_word' id='word_1_108' title='bbox 798 2238 998 2310; x_wconf 80' lang='lat' dir='ltr'>vetustioris</span> <span class='ocrx_word' id='word_1_109' title='bbox 1027 2237 1184 2310; x_wconf 75' lang='lat' dir='ltr'>Graeciae</span> <span class='ocrx_word' id='word_1_110' title='bbox 1213 2240 1373 2314; x_wconf 85' lang='lat' dir='ltr'>historiae</span> 
     </span>
     <span class='ocr_line' id='line_1_16' title="bbox 171 2368 1374 2462; baseline 0.005 -24"><span class='ocrx_word' id='word_1_111' title='bbox 171 2377 405 2440; x_wconf 86' lang='lat' dir='ltr'>monumenta</span> <span class='ocrx_word' id='word_1_112' title='bbox 426 2379 550 2440; x_wconf 78' lang='lat' dir='ltr'>extare</span> <span class='ocrx_word' id='word_1_113' title='bbox 578 2377 616 2439; x_wconf 88' lang='lat' dir='ltr'>et</span> <span class='ocrx_word' id='word_1_114' title='bbox 639 2368 742 2462; x_wconf 90' lang='lat' dir='ltr'>quasi</span> <span class='ocrx_word' id='word_1_115' title='bbox 766 2378 929 2440; x_wconf 82' lang='lat' dir='ltr'>enatasse</span> <span class='ocrx_word' id='word_1_116' title='bbox 953 2369 1070 2443; x_wconf 90' lang='lat' dir='ltr'>video.</span> <span class='ocrx_word' id='word_1_117' title='bbox 1123 2371 1196 2444; x_wconf 86' lang='lat' dir='ltr'>Sed</span> <span class='ocrx_word' id='word_1_118' title='bbox 1217 2371 1279 2444; x_wconf 84' lang='lat' dir='ltr'>illa</span> <span class='ocrx_word' id='word_1_119' title='bbox 1304 2397 1374 2446; x_wconf 85' lang='lat' dir='ltr'>nec</span> 
     </span>
     <span class='ocr_line' id='line_1_17' title="bbox 169 2495 1373 2594; baseline 0.005 -26"><span class='ocrx_word' id='word_1_120' title='bbox 169 2497 252 2568; x_wconf 85' lang='lat' dir='ltr'>satis</span> <span class='ocrx_word' id='word_1_121' title='bbox 271 2495 362 2566; x_wconf 90' lang='lat' dir='ltr'>lucis</span> <span class='ocrx_word' id='word_1_122' title='bbox 384 2497 564 2592; x_wconf 76' lang='lat' dir='ltr'>prebent,</span> <span class='ocrx_word' id='word_1_123' title='bbox 594 2521 662 2570; x_wconf 91' lang='lat' dir='ltr'>nec</span> <span class='ocrx_word' id='word_1_124' title='bbox 679 2496 753 2569; x_wconf 88' lang='lat' dir='ltr'>suis</span> <span class='ocrx_word' id='word_1_125' title='bbox 779 2521 936 2594; x_wconf 73' lang='lat' dir='ltr'>quaeque</span> <span class='ocrx_word' id='word_1_126' title='bbox 959 2498 1181 2593; x_wconf 88' lang='lat' dir='ltr'>temporibus</span> <span class='ocrx_word' id='word_1_127' title='bbox 1199 2502 1373 2574; x_wconf 85' lang='lat' dir='ltr'>constitui</span> 
     </span>
     <span class='ocr_line' id='line_1_18' title="bbox 169 2623 1373 2722; baseline 0.002 -23"><span class='ocrx_word' id='word_1_128' title='bbox 169 2637 330 2722; x_wconf 89' lang='lat' dir='ltr'>possunt.</span> <span class='ocrx_word' id='word_1_129' title='bbox 392 2623 505 2696; x_wconf 83' lang='lat' dir='ltr'>Filios</span> <span class='ocrx_word' id='word_1_130' title='bbox 544 2624 670 2721; x_wconf 84' lang='lat' dir='ltr'>lapeti</span> <span class='ocrx_word' id='word_1_131' title='bbox 713 2625 882 2698; x_wconf 87' lang='lat' dir='ltr'>“insulas</span> <span class='ocrx_word' id='word_1_132' title='bbox 921 2625 1123 2700; x_wconf 88' lang='lat' dir='ltr'>Gentium”</span> <span class='ocrx_word' id='word_1_133' title='bbox 1168 2629 1373 2718; x_wconf 87' lang='lat' dir='ltr'>incoluisse,</span> 
     </span>
     <span class='ocr_line' id='line_1_19' title="bbox 171 2752 1376 2858; baseline 0.003 -28"><span class='ocrx_word' id='word_1_134' title='bbox 171 2779 191 2830; x_wconf 88' lang='lat' dir='ltr'>e</span> <span class='ocrx_word' id='word_1_135' title='bbox 215 2755 255 2828; x_wconf 89' lang='lat' dir='ltr'>S.</span> <span class='ocrx_word' id='word_1_136' title='bbox 274 2752 327 2826; x_wconf 83' lang='lat' dir='ltr'>S.¹</span> <span class='ocrx_word' id='word_1_137' title='bbox 354 2763 464 2850; x_wconf 84' lang='lat' dir='ltr'>patet,</span> <span class='ocrx_word' id='word_1_138' title='bbox 499 2778 568 2826; x_wconf 89' lang='lat' dir='ltr'>nee</span> <span class='ocrx_word' id='word_1_139' title='bbox 597 2755 749 2828; x_wconf 86' lang='lat' dir='ltr'>dubium</span> <span class='ocrx_word' id='word_1_140' title='bbox 783 2766 839 2829; x_wconf 93' lang='lat' dir='ltr'>est</span> <span class='ocrx_word' id='word_1_141' title='bbox 871 2757 959 2852; x_wconf 92' lang='lat' dir='ltr'>quin</span> <span class='ocrx_word' id='word_1_142' title='bbox 990 2757 1084 2831; x_wconf 90' lang='lat' dir='ltr'>inter</span> <span class='ocrx_word' id='word_1_143' title='bbox 1113 2759 1191 2858; x_wconf 85' lang='lat' dir='ltr'>ejus</span> <span class='ocrx_word' id='word_1_144' title='bbox 1222 2773 1376 2857; x_wconf 88' lang='lat' dir='ltr'>nepotes</span> 
     </span>
     <span class='ocr_line' id='line_1_20' title="bbox 170 2882 1373 2984; baseline 0.004 -26"><span class='ocrx_word' id='word_1_145' title='bbox 170 2882 291 2958; x_wconf 75' lang='lat' dir='ltr'>Graeci</span> <span class='ocrx_word' id='word_1_146' title='bbox 317 2885 533 2958; x_wconf 86' lang='lat' dir='ltr'>numerandi</span> <span class='ocrx_word' id='word_1_147' title='bbox 557 2885 642 2958; x_wconf 86' lang='lat' dir='ltr'>sint.</span> <span class='ocrx_word' id='word_1_148' title='bbox 696 2885 768 2959; x_wconf 88' lang='lat' dir='ltr'>Sed</span> <span class='ocrx_word' id='word_1_149' title='bbox 790 2885 956 2983; x_wconf 85' lang='lat' dir='ltr'>quisnam</span> <span class='ocrx_word' id='word_1_150' title='bbox 988 2911 1034 2959; x_wconf 85' lang='lat' dir='ltr'>ex</span> <span class='ocrx_word' id='word_1_151' title='bbox 1059 2887 1138 2984; x_wconf 86' lang='lat' dir='ltr'>ejus</span> <span class='ocrx_word' id='word_1_152' title='bbox 1163 2887 1245 2961; x_wconf 88' lang='lat' dir='ltr'>filiis</span> <span class='ocrx_word' id='word_1_153' title='bbox 1270 2888 1373 2964; x_wconf 86' lang='lat' dir='ltr'>Grae-</span> 
     </span>
     <span class='ocr_line' id='line_1_21' title="bbox 170 3014 1375 3110; baseline 0.007 -24"><span class='ocrx_word' id='word_1_154' title='bbox 170 3038 294 3100; x_wconf 85' lang='lat' dir='ltr'>corum</span> <span class='ocrx_word' id='word_1_155' title='bbox 311 3037 403 3086; x_wconf 88' lang='lat' dir='ltr'>avus</span> <span class='ocrx_word' id='word_1_156' title='bbox 423 3039 569 3088; x_wconf 85' lang='lat' dir='ltr'>avorum</span> <span class='ocrx_word' id='word_1_157' title='bbox 587 3014 634 3087; x_wconf 86' lang='lat' dir='ltr'>sit</span> <span class='ocrx_word' id='word_1_158' title='bbox 651 3014 899 3110; x_wconf 88' lang='lat' dir='ltr'>appellandus,</span> <span class='ocrx_word' id='word_1_159' title='bbox 932 3040 1000 3089; x_wconf 89' lang='lat' dir='ltr'>nec</span> <span class='ocrx_word' id='word_1_160' title='bbox 1018 3017 1057 3090; x_wconf 89' lang='lat' dir='ltr'>S.</span> <span class='ocrx_word' id='word_1_161' title='bbox 1075 3017 1111 3089; x_wconf 88' lang='lat' dir='ltr'>S.</span> <span class='ocrx_word' id='word_1_162' title='bbox 1131 3017 1271 3106; x_wconf 90' lang='lat' dir='ltr'>dicunt,</span> <span class='ocrx_word' id='word_1_163' title='bbox 1305 3044 1375 3094; x_wconf 87' lang='lat' dir='ltr'>nee</span> 
     </span>
     <span class='ocr_line' id='line_1_22' title="bbox 174 3145 1374 3244; baseline 0.005 -28"><span class='ocrx_word' id='word_1_164' title='bbox 174 3145 320 3219; x_wconf 91' lang='lat' dir='ltr'>aliunde</span> <span class='ocrx_word' id='word_1_165' title='bbox 353 3145 437 3216; x_wconf 86' lang='lat' dir='ltr'>sciri</span> <span class='ocrx_word' id='word_1_166' title='bbox 469 3157 600 3240; x_wconf 90' lang='lat' dir='ltr'>potest.</span> <span class='ocrx_word' id='word_1_167' title='bbox 654 3145 839 3235; x_wconf 85' lang='lat' dir='ltr'>Quantum</span> <span class='ocrx_word' id='word_1_168' title='bbox 873 3146 1019 3242; x_wconf 89' lang='lat' dir='ltr'>quidem</span> <span class='ocrx_word' id='word_1_169' title='bbox 1045 3146 1205 3244; x_wconf 90' lang='lat' dir='ltr'>judicari</span> <span class='ocrx_word' id='word_1_170' title='bbox 1241 3160 1374 3244; x_wconf 85' lang='lat' dir='ltr'>potest,</span> 
     </span>
     <span class='ocr_line' id='line_1_23' title="bbox 173 3274 1373 3374; baseline 0.008 -29"><span class='ocrx_word' id='word_1_171' title='bbox 173 3275 265 3346; x_wconf 88' lang='lat' dir='ltr'>inter</span> <span class='ocrx_word' id='word_1_172' title='bbox 296 3274 455 3346; x_wconf 88' lang='lat' dir='ltr'>advenas</span> <span class='ocrx_word' id='word_1_173' title='bbox 492 3277 554 3369; x_wconf 93' lang='lat' dir='ltr'>qui</span> <span class='ocrx_word' id='word_1_174' title='bbox 589 3275 725 3370; x_wconf 89' lang='lat' dir='ltr'>primos</span> <span class='ocrx_word' id='word_1_175' title='bbox 759 3275 916 3348; x_wconf 84' lang='lat' dir='ltr'>Graeciae</span> <span class='ocrx_word' id='word_1_176' title='bbox 949 3275 1086 3348; x_wconf 91' lang='lat' dir='ltr'>incolas</span> <span class='ocrx_word' id='word_1_177' title='bbox 1120 3301 1373 3374; x_wconf 73' lang='lat' dir='ltr'>saepenumero</span> 
     </span>
     <span class='ocr_line' id='line_1_24' title="bbox 171 3404 1373 3506; baseline 0.005 -30"><span class='ocrx_word' id='word_1_178' title='bbox 171 3405 383 3494; x_wconf 86' lang='lat' dir='ltr'>turbabant,</span> <span class='ocrx_word' id='word_1_179' title='bbox 408 3428 561 3478; x_wconf 88' lang='lat' dir='ltr'>numero</span> <span class='ocrx_word' id='word_1_180' title='bbox 587 3416 697 3502; x_wconf 88' lang='lat' dir='ltr'>atque</span> <span class='ocrx_word' id='word_1_181' title='bbox 723 3405 757 3477; x_wconf 92' lang='lat' dir='ltr'>vi</span> <span class='ocrx_word' id='word_1_182' title='bbox 784 3405 967 3501; x_wconf 87' lang='lat' dir='ltr'>pollebant</span> <span class='ocrx_word' id='word_1_183' title='bbox 992 3404 1146 3506; x_wconf 84' lang='lat' dir='ltr'>Pelasgi.</span> <span class='ocrx_word' id='word_1_184' title='bbox 1200 3409 1259 3482; x_wconf 84' lang='lat' dir='ltr'>Ex</span> <span class='ocrx_word' id='word_1_185' title='bbox 1284 3410 1373 3482; x_wconf 84' lang='lat' dir='ltr'>Asia</span> 
     </span>
     <span class='ocr_line' id='line_1_25' title="bbox 172 3533 1375 3636; baseline 0.006 -30"><span class='ocrx_word' id='word_1_186' title='bbox 172 3535 323 3622; x_wconf 75' lang='lat' dir='ltr'>venisse,</span> <span class='ocrx_word' id='word_1_187' title='bbox 356 3558 425 3606; x_wconf 87' lang='lat' dir='ltr'>nec</span> <span class='ocrx_word' id='word_1_188' title='bbox 453 3533 635 3608; x_wconf 71' lang='lat' dir='ltr'>Graeciam</span> <span class='ocrx_word' id='word_1_189' title='bbox 663 3545 803 3608; x_wconf 90' lang='lat' dir='ltr'>tanturn</span> <span class='ocrx_word' id='word_1_190' title='bbox 832 3535 1009 3608; x_wconf 79' lang='lat' dir='ltr'>sedulius</span> <span class='ocrx_word' id='word_1_191' title='bbox 1038 3560 1187 3632; x_wconf 91' lang='lat' dir='ltr'>quoque</span> <span class='ocrx_word' id='word_1_192' title='bbox 1213 3535 1375 3636; x_wconf 75' lang='lat' dir='ltr'>Europae</span> 
     </span>
     <span class='ocr_line' id='line_1_26' title="bbox 144 3663 1376 3764; baseline 0.004 -26"><span class='ocrx_word' id='word_1_193' title='bbox 144 3741 149 3754; x_wconf 70' lang='grc'>,</span> <span class='ocrx_word' id='word_1_194' title='bbox 172 3677 291 3760; x_wconf 88' lang='lat' dir='ltr'>partes</span> <span class='ocrx_word' id='word_1_195' title='bbox 307 3663 672 3740; x_wconf 84' lang='lat' dir='ltr'>inrisissevidentur.</span> <span class='ocrx_word' id='word_1_196' title='bbox 712 3665 912 3762; x_wconf 76' lang='lat' dir='ltr'>Equananr</span> <span class='ocrx_word' id='word_1_197' title='bbox 931 3675 1053 3738; x_wconf 87' lang='lat' dir='ltr'>autern</span> <span class='ocrx_word' id='word_1_198' title='bbox 1071 3669 1182 3764; x_wconf 89' lang='lat' dir='ltr'>stirpe</span> <span class='ocrx_word' id='word_1_199' title='bbox 1200 3669 1272 3741; x_wconf 86' lang='lat' dir='ltr'>sint</span> <span class='ocrx_word' id='word_1_200' title='bbox 1289 3673 1376 3762; x_wconf 87' lang='lat' dir='ltr'>nati,</span> 
     </span>
     <span class='ocr_line' id='line_1_27' title="bbox 172 3795 1376 3896; baseline 0.002 -28"><span class='ocrx_word' id='word_1_201' title='bbox 172 3819 216 3868; x_wconf 91' lang='lat' dir='ltr'>an</span> <span class='ocrx_word' id='word_1_202' title='bbox 234 3797 456 3896; x_wconf 83' lang='lat' dir='ltr'>illiquoque</span> <span class='ocrx_word' id='word_1_203' title='bbox 483 3795 581 3868; x_wconf 91' lang='lat' dir='ltr'>inter</span> <span class='ocrx_word' id='word_1_204' title='bbox 602 3795 730 3892; x_wconf 85' lang='lat' dir='ltr'>Japeti</span> <span class='ocrx_word' id='word_1_205' title='bbox 756 3795 967 3894; x_wconf 85' lang='lat' dir='ltr'>progeniem</span> <span class='ocrx_word' id='word_1_206' title='bbox 994 3796 1153 3868; x_wconf 84' lang='lat' dir='ltr'>habendi</span> <span class='ocrx_word' id='word_1_207' title='bbox 1180 3798 1249 3883; x_wconf 86' lang='lat' dir='ltr'>vel,</span> <span class='ocrx_word' id='word_1_208' title='bbox 1276 3801 1376 3896; x_wconf 91' lang='lat' dir='ltr'>quod</span> 
     </span>
     <span class='ocr_line' id='line_1_28' title="bbox 173 3924 1377 4024; baseline 0.001 -24"><span class='ocrx_word' id='word_1_209' title='bbox 173 3928 338 4024; x_wconf 89' lang='lat' dir='ltr'>plerique</span> <span class='ocrx_word' id='word_1_210' title='bbox 357 3927 531 4015; x_wconf 90' lang='lat' dir='ltr'>sentiunt,</span> <span class='ocrx_word' id='word_1_211' title='bbox 554 3951 575 3998; x_wconf 96' lang='lat' dir='ltr'>e</span> <span class='ocrx_word' id='word_1_212' title='bbox 594 3926 757 4024; x_wconf 76' lang='lat' dir='ltr'>Phaleg²</span> <span class='ocrx_word' id='word_1_213' title='bbox 777 3948 851 3998; x_wconf 90' lang='lat' dir='ltr'>uno</span> <span class='ocrx_word' id='word_1_214' title='bbox 868 3949 889 3996; x_wconf 93' lang='lat' dir='ltr'>e</span> <span class='ocrx_word' id='word_1_215' title='bbox 909 3924 1032 3998; x_wconf 88' lang='lat' dir='ltr'>Sberni</span> <span class='ocrx_word' id='word_1_216' title='bbox 1048 3926 1287 4021; x_wconf 87' lang='lat' dir='ltr'>abnepotibus</span> <span class='ocrx_word' id='word_1_217' title='bbox 1306 3929 1377 4002; x_wconf 91' lang='lat' dir='ltr'>orti</span> 
     </span>
     <span class='ocr_line' id='line_1_29' title="bbox 173 4056 1376 4156; baseline 0.002 -25"><span class='ocrx_word' id='word_1_218' title='bbox 173 4061 254 4152; x_wconf 84' lang='lat' dir='ltr'>sint,</span> <span class='ocrx_word' id='word_1_219' title='bbox 284 4058 356 4132; x_wconf 86' lang='lat' dir='ltr'>dici</span> <span class='ocrx_word' id='word_1_220' title='bbox 380 4059 518 4156; x_wconf 88' lang='lat' dir='ltr'>nequit.</span> <span class='ocrx_word' id='word_1_221' title='bbox 571 4056 636 4130; x_wconf 92' lang='lat' dir='ltr'>Ne</span> <span class='ocrx_word' id='word_1_222' title='bbox 653 4058 803 4131; x_wconf 85' lang='lat' dir='ltr'>verbum</span> <span class='ocrx_word' id='word_1_223' title='bbox 822 4057 966 4152; x_wconf 86' lang='lat' dir='ltr'>quidem</span> <span class='ocrx_word' id='word_1_224' title='bbox 993 4056 1185 4152; x_wconf 89' lang='lat' dir='ltr'>proferunt</span> <span class='ocrx_word' id='word_1_225' title='bbox 1202 4057 1265 4156; x_wconf 91' lang='lat' dir='ltr'>qui</span> <span class='ocrx_word' id='word_1_226' title='bbox 1281 4060 1376 4132; x_wconf 83' lang='lat' dir='ltr'>bane</span> 
     </span>
    </p>
   </div>
   <div class='ocr_carea' id='block_1_3' title="bbox 176 4315 1258 4488">
    <p class='ocr_par' dir='ltr' id='par_1_3' title="bbox 176 4315 1258 4488">
     <span class='ocr_line' id='line_1_30' title="bbox 211 4315 1258 4389; baseline 0.001 -10"><span class='ocrx_word' id='word_1_227' title='bbox 211 4319 220 4350; x_wconf 88' lang='lat'><strong>¹</strong></span> <span class='ocrx_word' id='word_1_228' title='bbox 242 4321 319 4379; x_wconf 87' lang='lat' dir='ltr'>Gen.</span> <span class='ocrx_word' id='word_1_229' title='bbox 343 4337 371 4374; x_wconf 87' lang='lat' dir='ltr'>x.</span> <span class='ocrx_word' id='word_1_230' title='bbox 395 4323 424 4378; x_wconf 79' lang='lat'>5.</span> <span class='ocrx_word' id='word_1_231' title='bbox 460 4315 508 4374; x_wconf 80' lang='lat' dir='ltr'>Cf.</span> <span class='ocrx_word' id='word_1_232' title='bbox 536 4317 607 4372; x_wconf 83' lang='lat' dir='ltr'>inter</span> <span class='ocrx_word' id='word_1_233' title='bbox 632 4315 748 4389; x_wconf 90' lang='lat' dir='ltr'>Josephi</span> <span class='ocrx_word' id='word_1_234' title='bbox 800 4315 921 4388; x_wconf 85' lang='lat' dir='ltr'>Scripta,</span> <span class='ocrx_word' id='word_1_235' title='bbox 944 4315 1099 4375; x_wconf 88' lang='lat' dir='ltr'>Conciones</span> <span class='ocrx_word' id='word_1_236' title='bbox 1113 4325 1154 4386; x_wconf 83' lang='grc'>49</span> <span class='ocrx_word' id='word_1_237' title='bbox 1167 4328 1195 4378; x_wconf 89' lang='lat' dir='ltr'>et</span> <span class='ocrx_word' id='word_1_238' title='bbox 1209 4328 1258 4380; x_wconf 81' lang='lat'>50.</span> 
     </span>
     <span class='ocr_line' id='line_1_31' title="bbox 176 4409 1053 4488; baseline 0.002 -18"><span class='ocrx_word' id='word_1_239' title='bbox 176 4414 256 4474; x_wconf 83' lang='lat' dir='ltr'>Mede</span> <span class='ocrx_word' id='word_1_240' title='bbox 284 4411 455 4472; x_wconf 76' lang='lat' dir='ltr'>suavissimo</span> <span class='ocrx_word' id='word_1_241' title='bbox 477 4421 560 4488; x_wconf 82' lang='lat' dir='ltr'>atque</span> <span class='ocrx_word' id='word_1_242' title='bbox 587 4411 748 4468; x_wconf 84' lang='lat' dir='ltr'>doctissima</span> <span class='ocrx_word' id='word_1_243' title='bbox 839 4409 849 4440; x_wconf 76' lang='lat'>²</span> <span class='ocrx_word' id='word_1_244' title='bbox 873 4411 946 4469; x_wconf 84' lang='lat' dir='ltr'>Gen.</span> <span class='ocrx_word' id='word_1_245' title='bbox 961 4431 988 4468; x_wconf 88' lang='lat' dir='ltr'>rr.</span> <span class='ocrx_word' id='word_1_246' title='bbox 1004 4417 1053 4472; x_wconf 73' lang='lat'>95.</span> 
     </span>
    </p>
   </div>
   <div class='ocr_carea' id='block_1_4' title="bbox 774 4521 794 4591">
    <p class='ocr_par' dir='ltr' id='par_1_4' title="bbox 774 4521 794 4591">
     <span class='ocr_line' id='line_1_32' title="bbox 774 4521 794 4591; baseline 0 0"><span class='ocrx_word' id='word_1_247' title='bbox 774 4521 794 4591; x_wconf 86' lang='lat' dir='ltr'>b</span> 
     </span>
    </p>
   </div>
   <div class='ocr_carea' id='block_1_5' title="bbox 0 0 1601 5094">
    <p class='ocr_par' dir='ltr' id='par_1_5' title="bbox 0 0 1601 5094">
     <span class='ocr_line' id='line_1_33' title="bbox 0 0 1601 5094; baseline 0 0"><span class='ocrx_word' id='word_1_248' title='bbox 0 0 1601 5094; x_wconf 95' lang='lat' dir='ltr'> </span> 
     </span>
    </p>
   </div>
  </div>
 </body>
</html>
