3204 5104
227 336 286 408 lxx
647 335 989 418 anonaaonrnua.

229 535 361 610 magna
393 495 576 586 volumina
604 513 788 587 titulorum
818 541 840 588 a
874 540 913 590 se
944 517 1023 612 ipsu
1050 539 1191 590 summa
1217 543 1316 608 cura,
1347 525 1426 598 dili·

227 639 353 738 gentia
375 651 486 738 atque
513 641 676 715 doctrina
698 643 879 739 exscripta
906 644 993 716 mibi
1023 647 1282 734 commodavit;
1311 650 1370 724 hic
1387 653 1425 724 in

230 793 349 844 meum
365 795 469 844 usum
492 795 619 846 omnes
635 771 757 846 titulos
774 773 820 846 ad
845 795 961 846 meam
985 795 1059 845 rem
1086 775 1275 864 facientes,
1305 784 1426 874 (valde

230 899 374 996 quidem
408 901 587 996 pretiosos
626 901 707 974 illos
744 913 782 977 et
819 927 960 976 summo
994 904 1116 976 fructu
1157 905 1327 999 refertos)
1362 914 1425 1008 qui

229 1032 268 1104 in
305 1031 378 1105 auis
416 1033 558 1106 schedis
599 1035 735 1108 exarati
765 1045 901 1122 essent,
931 1036 1133 1132 descripsit,
1172 1039 1307 1113 notulis·
1346 1042 1426 1138 qui·

229 1163 379 1236 busdam
415 1164 629 1238 doctissimis
659 1164 820 1260 adjectis.
886 1167 994 1257 Quod
1026 1167 1120 1239 idem
1156 1192 1304 1265 quoque
1338 1172 1427 1244 fecit

229 1294 287 1368 vir
319 1294 479 1392 eleganti
512 1295 664 1390 quadam
697 1295 863 1367 doctrina
893 1296 1060 1394 insignis,
1098 1297 1262 1371 Tbomas
1303 1299 1426 1372 Smart

229 1423 397 1521 Hugbes.
442 1423 520 1495 Viri
538 1425 626 1522 jure
655 1424 881 1497 celeberrimi
898 1425 1054 1498 Thomae
1081 1425 1226 1524 Youug
1256 1429 1425 1527 benigni-

228 1557 293 1629 tati
324 1555 596 1649 inscriptionem
625 1558 723 1649 apud
749 1555 916 1628 Frerium
948 1565 1177 1643 asservatam,
1203 1568 1240 1628 et
1273 1558 1423 1632 eximias

228 1686 401 1782 quasdam
440 1685 487 1756 de
516 1683 701 1757 Leucadia
729 1684 965 1779 inscriptione
998 1684 1267 1758 observationes
1296 1688 1422 1760 debeo.

228 1811 502 1887 Humanitatern
535 1813 682 1886 Ricardi
720 1813 844 1910 Payne
875 1813 1016 1912 Knigbt
1054 1836 1126 1911 ego
1156 1823 1255 1886 certe
1286 1816 1422 1887 meritis

229 1942 397 2015 laudibus
431 1943 562 2040 exequi
601 1965 759 2039 nequeo,
802 1943 939 2038 quippe
974 1941 1039 2036 qui
1074 1944 1262 2014 thesauros
1296 1942 1422 2015 Musei

229 2068 286 2140 sui
335 2067 423 2140 mibi
476 2067 701 2164 patefecerit,
745 2091 921 2162 suamque
970 2069 1017 2140 de
1069 2068 1190 2140 multis
1241 2068 1422 2164 inscripti-

228 2197 359 2272 onibus
393 2198 610 2273 sententiam
639 2221 780 2272 mecum
814 2193 1142 2269 communicaverit.
1195 2193 1277 2267 Has
1300 2195 1421 2268 literas

228 2350 371 2424 semper
395 2327 540 2414 amavit,
567 2329 631 2402 bas
652 2351 792 2401 summo
818 2327 980 2400 omniurn
997 2327 1185 2427 doctorum
1212 2326 1332 2400 fructu
1360 2351 1422 2400 ex·

152 2505 155 2510 ·
228 2457 349 2538 coluit,
383 2457 609 2553 longumque
659 2459 795 2530 utinam
840 2456 993 2528 excolat.
1039 2455 1221 2529 Gulielmo
1261 2457 1422 2530 Wilkins

229 2585 392 2682 quamvis
416 2585 452 2656 in
476 2584 547 2657 alio
564 2585 645 2658 loco
660 2585 795 2682 gratias
817 2586 969 2682 egerim,
996 2586 1054 2657 hic
1071 2597 1190 2658 tamen
1213 2587 1308 2658 baud
1334 2584 1421 2658 mibi

227 2726 433 2810 temperare
450 2735 594 2808 nequeo
617 2713 706 2810 quin
735 2715 783 2786 ob
800 2715 880 2812 ejus
897 2713 1078 2811 insignem
1102 2736 1191 2810 erga
1208 2737 1267 2788 me
1295 2714 1421 2788 libera-

225 2845 362 2918 litatem
389 2865 512 2916 rursus
536 2865 658 2940 agam.

303 2969 602 3048 Benevolentiam
649 2968 796 3042 illustris
838 2971 905 3043 viri
949 2968 1133 3042 Frederici
1179 2971 1332 3045 Comitis
1374 2975 1420 3046 de

228 3100 408 3186 Guiliord,
434 3110 470 3173 et
505 3099 610 3171 Pauli
652 3097 753 3172 Petri
790 3097 939 3170 Dobree
969 3098 1093 3192 (quem
1128 3097 1208 3193 quis
1239 3121 1286 3170 ex
1320 3111 1420 3173 coetu

227 3231 415 3303 doctorum
442 3239 506 3300 aut
526 3228 623 3300 domi
653 3238 717 3300 aut
745 3228 830 3300 foris
865 3228 962 3299 baud
995 3225 1143 3322 suspicit
1171 3238 1281 3323 atque
1312 3229 1419 3302 mira·

226 3359 328 3450 turi)
364 3357 402 3431 in
440 3359 540 3444 libris
575 3359 769 3432 rarioribus
811 3357 897 3430 mibi
935 3359 1216 3445 commodandis,
1252 3359 1364 3456 longe
1397 3383 1420 3432 a

208 3506 286 3562 ‘me
325 3486 373 3559 sit
409 3487 477 3562 iste
508 3487 649 3559 animus
682 3497 725 3558 ut
757 3485 901 3557 silentio
930 3495 1154 3580 praeteream.
1223 3483 1418 3558 Guilfordii
1528 3574 1532 3582 μ

225 3617 373 3713 quidem
389 3617 610 3691 bibliotheca
629 3618 723 3690 baud
748 3616 875 3688 inanes
898 3615 984 3686 istos
1010 3625 1121 3712 atque
1146 3614 1292 3688 inutiles
1308 3615 1417 3688 libros
1518 3637 1522 3646 ·

224 3751 373 3824 exbibet
401 3773 504 3848 quos,
533 3773 615 3823 curn
644 3761 709 3824 aut
732 3749 929 3846 pervetusti
957 3749 1040 3834 sint,
1066 3757 1130 3818 aut
1153 3747 1252 3842 apud
1280 3769 1416 3841 paucos

220 3887 363 3967 extent,
391 3888 428 3953 et
452 3889 628 3975 praeterea
655 3902 703 3951 ne
735 3876 847 3950 bilum
877 3876 1022 3972 quidem
1052 3872 1213 3946 utilitatis
1246 3872 1415 3966 habeant,

224 4005 392 4078 hodierni
427 4007 611 4095 mirantur,
637 4010 700 4082 sed
730 4008 839 4082 libros
872 4007 910 4080 in
940 3981 1037 4080 omni
1068 4004 1146 4078 fere
1175 4003 1305 4102 lingua
1328 4025 1416 4074 con·

223 4135 386 4231 scriptos,
413 4147 450 4209 et
477 4161 621 4210 omnem
640 4139 719 4211 fere
746 4133 931 4207 materiem
959 4156 1041 4230 quse
1065 4133 1101 4203 in
1131 4131 1316 4203 bominum
1342 4127 1414 4203 dia-

222 4268 447 4364 putationem
466 4270 560 4344 cadit
588 4269 817 4355 illustrantes,
844 4289 942 4340 raros
969 4267 1116 4363 quidem
1144 4273 1182 4337 et
1201 4261 1291 4348 illos,
1320 4285 1412 4361 quos

222 4396 359 4474 scilicet
386 4401 501 4496 ipsius
533 4399 726 4476 Guilfordii
761 4407 987 4497 curentque
1016 4395 1206 4495 diligentia
1238 4418 1284 4470 ex
1311 4393 1411 4468 omni
