3204 5104
760 399 780 456 2
1168 387 1314 474 [conss.
1340 389 1373 458 l.

250 571 440 669 Inscriptio
458 567 592 665 duplex
610 575 674 640 est.
725 563 882 662 Utrique
895 567 1021 638 eadem
1039 565 1232 654 sententia,
1249 566 1376 664 paullo

174 708 253 784 aliis
286 704 406 780 verbis
441 711 628 798 concepta.
682 699 775 791 Quae
809 700 847 772 in
883 699 1068 773 inferiori¹
1104 701 1233 797 lapidis
1269 711 1376 797 parte

175 843 305 939 scripta
323 851 388 928 cst,
407 865 450 912 ea
467 838 650 911 vetustior.
697 835 815 926 Quam
833 835 956 908 forsan
975 858 1055 908 cum
1075 834 1188 934 Sigaei
1204 860 1376 910 vereren-

175 985 234 1046 tur
260 995 306 1044 ne
334 980 490 1046 vetustas
514 969 691 1056 aboleret,
718 968 867 1041 alteram
892 968 1118 1042 incidendam
1143 980 1375 1042 curaverunt.

175 1100 341 1196 Utraque
366 1095 626 1199 βουστροφηδον
651 1097 807 1194 scripta;
840 1099 1032 1186 recentior,
1059 1109 1100 1170 ut
1126 1097 1248 1185 credo,
1275 1099 1376 1194 quod

176 1229 335 1325 sculptor
372 1227 518 1301 alteram
558 1227 691 1302 imitari
729 1225 893 1301 voluerit.
945 1226 988 1299 ln
1028 1236 1184 1323 utraque
1222 1227 1377 1324 inscrip-

56 1369 60 1380 '
176 1361 274 1433 tione
307 1361 404 1433 dona
443 1360 606 1456 quiedam
642 1383 663 1430 a
696 1358 909 1432 Phanodico
945 1359 1129 1456 Prytanaei
1167 1358 1375 1456 Sigoeorum

178 1495 214 1568 in
250 1517 354 1566 usum
381 1492 465 1563 data
497 1491 719 1577 recitantur3
747 1490 784 1562 in
815 1490 1002 1564 vetustiori
1031 1515 1149 1587 pauca
1175 1491 1286 1566 verba
1310 1490 1377 1561 ad-

177 1626 323 1714 duntur,
347 1623 477 1722 quibus
496 1647 593 1697 curae
611 1624 813 1723 Sigteorum
831 1626 926 1699 dona
945 1627 1171 1714 mandantur,
1194 1649 1377 1721 suumque

177 1781 309 1832 nomen
336 1780 423 1829 saxo
445 1754 605 1851 sculptor
624 1753 762 1828 incidit.
817 1753 986 1827 “Saxum
1008 1755 1141 1855 ingens
1159 1764 1224 1844 est,
1248 1766 1379 1851 utpote

179 1887 276 1985 quod
311 1908 437 1957 novem
473 1885 603 1980 pedum
642 1884 754 1984 Angl.
790 1884 923 1957 lrabeat
953 1885 1230 1984 longitudinem,
1267 1884 1379 1982 paulo

177 2020 258 2118 plus
296 2041 403 2116 quam
433 2015 546 2088 cubiti
574 2015 812 2104 latitudinem,
848 2015 1043 2113 digitorum
1071 2016 1148 2089 ferd
1177 2027 1258 2090 octo
1293 2041 1379 2113 pro·

179 2149 418 2225 funditatem:
449 2147 586 2246 Figura
608 2157 661 2219 est
686 2147 822 2244 ubique
845 2149 1031 2245 quadrata,
1057 2149 1220 2222 foramen
1239 2149 1379 2222 habens

180 2275 217 2348 in
241 2286 343 2375 parte
367 2275 446 2374 ejus
470 2273 649 2372 superiori
671 2285 897 2360 excavatum,
923 2275 1032 2370 idque
1055 2285 1096 2348 ut
1116 2277 1207 2350 alius
1231 2279 1264 2349 ei
1285 2277 1379 2374 lapis

180 2435 339 2509 superne
368 2411 594 2498 immittatur,
625 2410 776 2507 longum
809 2409 908 2498 satis,
945 2411 1057 2484 latum
1085 2421 1123 2485 ct
1146 2412 1377 2509 profundum.

179 2550 273 2626 Haec
306 2571 395 2623 vero
421 2545 560 2620 fabrica
590 2555 627 2618 et
656 2567 824 2617 mensura
854 2545 1059 2641 planissime
1088 2545 1260 2619 Hermem
1289 2546 1381 2619 indi-

181 2690 276 2767 cant,
321 2676 523 2752 Phanodici
559 2676 644 2749 olim
678 2679 889 2748 statuam'.'’
941 2677 1088 2751 Hermoe
1123 2690 1243 2750 antem
1275 2677 1382 2775 signa

183 2820 286 2887 erant
321 2809 378 2884 vel
410 2806 597 2883 hominum
633 2807 690 2882 vel
722 2806 898 2898 Deorum,
932 2818 969 2882 et
999 2801 1173 2906 imprimis
1204 2809 1382 2883 Mercurii

185 2945 300 3046 (unde
321 2931 454 3018 nome'n
478 2941 658 3034 ductum),
687 2942 818 3040 quibus
847 2953 968 3040 caput,
994 2941 1051 3017 vel
1074 2943 1284 3032 solum,·vel
1310 2966 1383 3016 una

184 3099 265 3152 cum
297 3084 458 3172 pectore,
496 3084 533 3147 et
565 3097 587 3146 e
619 3071 718 3146 varia
755 3074 904 3145 materia
932 3073 1160 3171 (plerumque
1190 3083 1309 3145 autem
1337 3096 1384 3146 ex

185 3211 274 3316 uere)
303 3207 382 3281 lieri
411 3206 559 3280 solebat.
613 3205 770 3279 inferior
796 3230 890 3303 pars,
926 3232 1009 3305 quse
1038 3206 1144 3280 simul
1174 3206 1270 3280 basis
1303 3206 1384 3278 loco

186 3349 276 3427 erat,
298 3338 374 3414 sive
394 3347 534 3427 acutus,
563 3338 638 3410 sive
661 3338 856 3434 quadratus
877 3339 980 3435 palus
1001 3338 1098 3412 unde
1121 3364 1143 3428 a
1165 3337 1384 3436 Thucydide

188 3479 224 3544 et
249 3469 431 3544 Pausania
455 3497 668 3564 τετραγωνος
695 3499 840 3565 εργασια
849 3469 877 3556 ³,
912 3493 934 3540 a
963 3455 1171 3546 duvenale⁴
1200 3468 1382 3542 “trunci''

228 3669 237 3698 ¹
261 3664 357 3723 Lanzi.
374 3662 486 3738 Saggio.
503 3662 586 3718 Tom.
605 3662 627 3719 l.
646 3681 674 3736 p.
694 3669 760 3721 102.
852 3669 867 3706 ⁴
886 3665 954 3725 Jur.
967 3666 1027 3724 Sat.
1041 3665 1184 3726 Vlline.
1216 3665 1262 3723 De
1270 3663 1385 3721 Hermia

104 3749 110 3760 ’
189 3764 207 3794 “
223 3760 307 3818 Forse
328 3758 439 3834 quando
460 3756 486 3816 le
504 3757 602 3816 lettere
622 3758 649 3814 di
672 3758 763 3816 Simo·
813 3759 850 3819 cl.
873 3761 1006 3846 Mazoclr.
1043 3761 1116 3824 Tab.
1138 3759 1253 3820 llerecl.
1272 3780 1300 3836 p.
1318 3765 1385 3827 149.

189 3857 253 3913 nido
267 3855 426 3916 luronocon
441 3854 551 3931 publico
565 3855 674 3913 decreto
691 3873 765 3912 rece-
814 3865 871 3913 not.
896 3855 982 3932 Spon.
1009 3855 1134 3915 Miscell.
1159 3855 1258 3913 erudit.
1286 3874 1312 3930 p.
1338 3859 1387 3912 10.

190 3959 257 4008 vute
276 3951 305 4008 in
329 3953 429 4021 Atene,
449 3952 458 4007 i
484 3950 559 4028 Sigei
586 3951 688 4009 misero
709 3970 765 4008 una
815 3953 958 4010 Paciaudi.
975 3953 1082 4012 Marm.
1097 3952 1230 4029 Pelopon.
1244 3952 1282 4009 ll.
1294 3971 1321 4026 p.
1337 3955 1387 4009 52.

191 4065 284 4106 nuova
297 4047 439 4104 iscrizione
456 4047 541 4104 daun
560 4047 633 4104 altro
649 4048 706 4104 luto
721 4046 765 4104 del
816 4049 975 4106 Casaubon.
997 4049 1032 4106 ad
1054 4051 1148 4110 Strab.
1173 4049 1243 4106 XV.
1268 4067 1296 4122 p.
1317 4053 1389 4116 710.

193 4142 346 4202 medesimo
373 4143 512 4202 marmo.''
550 4143 673 4202 Lanuius
700 4161 766 4217 ergo
817 4143 863 4203 Cf.
884 4145 970 4202 etiarn
998 4146 1072 4206 Plat.
1099 4145 1187 4222 Hipp.
1208 4163 1236 4219 p.
1257 4149 1326 4203 228.
1344 4143 1389 4202 ed.

195 4238 345 4299 Chishullii
358 4261 426 4316 opus
438 4259 580 4318 nunquam
594 4242 766 4316 inspexerat.
818 4243 930 4303 Serrau.
972 4241 1274 4316 Cic.deLeg.XXll.
1307 4239 1391 4296 Mac-

234 4331 245 4362 ¹
269 4331 410 4392 Chishull.
428 4337 496 4392 Ant.
511 4334 642 4410 Asiatp.
654 4340 705 4395 41.
816 4343 874 4401 rob.
899 4341 1039 4400 Saturnal.
1053 4341 1078 4402 1.
1097 4361 1123 4402 e.
1142 4347 1186 4410 19.
1229 4338 1328 4416 Figell.
1354 4339 1389 4396 da

235 4429 357 4490 ³Thuc.
372 4428 426 4488 Vl.
468 4429 764 4492 Pausan.lV.c.33.
818 4434 934 4492 Statuis.
967 4435 1088 4494 Roman.
1118 4455 1144 4493 c.
1170 4441 1216 4500 17.
1269 4433 1391 4508 Hughes

196 4527 280 4587 l'lll.
295 4547 320 4588 c.
335 4532 384 4593 39.
406 4527 447 4586 X.
461 4545 486 4588 c.
505 4531 551 4586 12.
818 4527 944 4586 itinerar.
964 4529 1050 4589 Tem.
1064 4529 1087 4589 l.
1109 4547 1138 4603 p.
1153 4533 1221 4593 271.
