3174 5094
606 411 948 462 unoneeouuun.
1342 393 1377 462 xi

171 565 308 664 ligetur
322 589 472 662 parvum
492 565 579 640 illud
593 567 717 642 lumen
732 568 828 665 quod
846 567 967 664 colligi
986 567 1227 664 proculdubio
1244 579 1374 665 potest.

171 696 244 769 Sed
261 697 349 794 quid
368 707 512 770 veteres
534 697 736 770 Historicos
753 696 856 769 dico?
883 699 930 772 ab
948 723 1021 772 uno
1041 699 1242 788 Herodoto,
1270 725 1371 796 quae-

170 853 315 926 cunque
333 839 484 924 possunt
500 827 632 927 colligi,
650 828 772 900 omnio
789 838 874 900 sunt
889 827 1104 902 haurienda.
1132 827 1372 924 Thucydides

170 962 266 1034 enim
297 962 376 1060 (qui
411 962 549 1034 utinum
584 960 652 1032 sibi
684 963 842 1032 eundem
876 983 986 1056 quem
1022 959 1228 1032 Herodotus
1260 959 1367 1032 finem

169 1095 429 1189 proposuisset)
451 1091 587 1166 seriora
609 1102 762 1178 tanturn,
789 1113 905 1188 enque
934 1089 1019 1162 setis
1042 1101 1152 1162 certos
1175 1090 1273 1176 lidei,
1302 1090 1371 1164 nisi

170 1227 204 1294 in
231 1225 356 1318 paucis
383 1223 484 1296 Libri
514 1222 621 1319 prirni
647 1222 869 1295 sectionibus
900 1231 1042 1294 tractet.
1094 1219 1178 1292 Nec
1212 1220 1368 1316 cuipiam

169 1363 268 1424 recte
295 1352 465 1426 sentienti
488 1353 668 1426 videbitur
690 1353 890 1425 Diodorum
916 1355 976 1428 ,vel
1011 1353 1230 1449 Dionysium
1258 1355 1371 1428 multo

169 1481 272 1575 plura
296 1505 404 1577 quam
430 1483 630 1572 ,hodiernos
652 1485 697 1556 de
721 1495 899 1556 vetustate
923 1485 1126 1582 longinque
1144 1485 1240 1556 scire
1263 1497 1370 1579 potu·

169 1615 269 1698 issc;
312 1615 414 1710 pluro
449 1616 595 1688 scivisse
630 1638 737 1687 nerno
769 1638 878 1686 senus
909 1618 1119 1690 contendet.
1171 1617 1367 1692 Herodolei

169 1747 355 1844 ferrugine
388 1745 497 1818 libelli
533 1746 620 1818 nihil
655 1745 818 1832 dulcius;
859 1747 922 1818 sed
958 1749 1080 1820 omniu
1116 1750 1369 1848 cujuscunque

168 1879 316 1976 generis
340 1877 389 1951 ibi
423 1887 598 1976 congesto
632 1887 716 1948 sunt
739 1889 777 1946 ut
807 1876 874 1948 sibi
908 1877 1063 1974 quisque
1091 1881 1244 1978 eligeret
1272 1884 1370 1979 quod

169 2011 242 2084 reri
274 2010 489 2086 simillimum
518 2008 721 2093 videretur;
749 2011 846 2103 quod
871 2019 908 2082 et
926 1989 1041 2082 aetotis
1068 2023 1106 2084 et
1130 2013 1238 2108 ipsius
1257 2016 1370 2110 scrip-

170 2144 256 2216 toris
305 2141 458 2239 ingenio
499 2139 614 2237 magis
664 2148 742 2209 eret
779 2161 996 2236 congruum,
1035 2165 1142 2236 quern
1184 2145 1294 2242 longo
1334 2159 1371 2219 et

169 2273 303 2348 difficili
353 2281 486 2350 conatu
535 2269 723 2342 veritatem
775 2291 906 2340 eruere
954 2281 1065 2367 atque
1114 2283 1200 2344 unte
1246 2277 1369 2350 oculos

170 2407 367 2480 Lectorum
390 2425 607 2500 proponere.
662 2399 843 2471 Praeteree
868 2399 897 2470 si
918 2423 1004 2472 vers
1027 2402 1127 2472 initia
1147 2427 1223 2478 suae
1247 2409 1368 2504 gentis

169 2561 334 2635 quaerere
375 2534 583 2608 Herodotus
624 2529 805 2616 uoluisset,
847 2539 983 2625 quanto
1023 2531 1057 2602 iu
1097 2555 1140 2604 eo
1178 2547 1285 2610 aetatc
1323 2541 1367 2610 ed

170 2673 240 2742 tule
274 2691 367 2764 opus
402 2675 499 2738 recte
537 2661 789 2758 exequendum
825 2661 999 2733 defuere!
1045 2663 1183 2737 Deerat
1223 2668 1367 2766 lingua.

137 2767 146 2776 .
171 2827 245 2875 rurn
269 2808 404 2896 preetcr
421 2793 587 2866 Graecanr
613 2792 738 2864 notitia
765 2791 879 2889 (quod
900 2793 1083 2889 praecipue
1101 2797 1136 2868 in
1162 2798 1216 2870 his
1239 2803 1366 2874 studiis

169 2936 254 3007 utile
279 2930 377 3020 est);
405 2929 529 3000 decret
551 2923 711 2997 omnium
740 2948 823 3020 quae
848 2923 892 2996 ad
913 2926 1079 3022 gentium
1106 2930 1253 3016 reditus,
1284 2955 1365 3004 vcc-

168 3065 303 3164 tigalia,
331 3072 370 3132 et
386 3081 515 3132 census
534 3065 699 3151 spectent
713 3051 882 3139 ¹scientio,
911 3057 1015 3154 cujus
1034 3057 1113 3129 sine
1132 3083 1202 3154 ope
1219 3062 1264 3134 dc
1282 3075 1362 3138 ortu

167 3208 203 3270 et
228 3215 422 3292 progressu
450 3187 613 3287 gentium
648 3209 754 3258 ncmo
781 3195 879 3258 recte
901 3185 1070 3283 judicare
1095 3199 1224 3282 potest.
1270 3193 1363 3282 Quae

167 3327 288 3404 omnia
312 3333 410 3396 certe
434 3318 576 3394 efficere
602 3317 738 3389 debent
763 3326 802 3387 ut
823 3314 870 3386 ab
888 3315 1088 3404 Herodoto,
1119 3320 1164 3392 de
1185 3333 1362 3402 vetustate

167 3460 300 3530 dudunt
333 3463 420 3524 onte
449 3449 580 3544 ipsum·
598 3455 690 3533 ecto,
721 3447 850 3519 tradita
877 3447 1022 3520 nonnisi
1050 3472 1190 3523 summo
1214 3453 1361 3530 labendi

167 3603 263 3662 metu
288 3581 518 3678 accipiamus.
572 3578 663 3648 Cum
686 3587 807 3649 eutem
834 3577 957 3648 eadem
978 3576 1053 3650 lere
1071 3580 1192 3653 omnin
1214 3607 1296 3679 quae
1316 3587 1361 3662 de

167 3714 346 3792 Herodoti
365 3708 588 3805 temporibus
606 3709 677 3781 dixi
697 3710 742 3780 de
761 3707 915 3779 Diodori
932 3719 1043 3804 utque
1062 3711 1230 3810 Dionysii
1254 3729 1360 3794 aetute

166 3871 313 3947 quoque
330 3865 416 3916 uere
444 3841 514 3912 dici
543 3839 694 3934 possint,
726 3837 814 3934 quid
839 3838 952 3936 magis
970 3839 1156 3916 ridiculum
1184 3870 1289 3941 quem
1312 3853 1359 3926 ab

166 3987 218 4056 lris
236 3985 432 4076 cxpectnre
450 3995 532 4069 quae
550 3971 683 4043 frustra
705 3967 741 4040 in
763 3967 823 4040 illo
846 3968 1015 4065 peteres?

238 4111 313 4184 Sed
336 4105 383 4178 ad
407 4127 482 4176 rem
508 4102 631 4174 redeo.
683 4097 768 4173 Nec
793 4111 912 4174 tamen
935 4126 957 4172 a
980 4105 1125 4200 proprio
1149 4133 1258 4207 scopo
1276 4123 1358 4188 ten-

164 4260 236 4320 tum
252 4243 443 4316 aberrasse
462 4234 563 4331 piget
581 4231 662 4304 cuin
682 4231 729 4303 ita
745 4229 930 4324 meipsum,
950 4233 1010 4327 qni
1030 4234 1075 4304 de
1093 4233 1203 4308 literis
1217 4241 1357 4326 Graecis

163 4379 359 4462 disserens,
403 4364 675 4450 Deucalionem,
717 4361 905 4458 Pyrrhum,
940 4361 1183 4459 Catoclysmos
1217 4395 1355 4466 omnes,
