3158 5104
774 353 822 428 62
1062 459 1066 464 .
1177 361 1321 442 [Cossa.
1346 359 1393 425 ΙΙ.

122 637 126 648 ¹
200 543 340 615 diuersa
358 545 581 633 quaerantur,-
602 527 705 608 tem
718 534 743 617 ¹,
762 525 874 622 ἔβανῖ
894 539 931 602 et
947 527 1113 612 εἰιιιίΙίοδ,Ι
1137 528 1283 626 ubique¹
1295 551 1397 602 usur-

198 683 297 772 pent,
326 668 452 766 quidni
480 671 593 740 ανεθεν
620 661 848 749 scriberent?
889 661 963 734 Sed
994 659 1159 756 protecto
1190 662 1397 755 exemplum

123 859 125 864 .
199 802 308 898 hujus
335 799 433 872 vocis
465 807 563 870 extat
593 795 690 891 apud
724 794 979 867 Simonidem¹.
1034 788 1155 887 Vulgo
1183 789 1331 885 quidem
1348 792 1398 862 'in

71 943 75 952 “
202 956 260 1006 οο
274 931 354 1004 loco
381 929 516 1028 legitur
540 965 543 978 ·

593 1025 698 1112 '‘OnX
725 1025 881 1098 ἀνέθεντο
908 1029 1018 1096 Λατοῖ

137 1136 140 1144 ¹
200 1168 264 1242 ubi
290 1190 371 1240 cnm
397 1189 531 1264 magna
554 1177 670 1239 metro
698 1164 761 1236 fiat
783 1159 929 1259 injuria,
958 1159 1123 1254 quisnam
1147 1158 1289 1232 dubitat
1310 1159 1399 1256 quin

202 1319 283 1368 cnm
310 1292 562 1367 Biomiieidio⁵
588 1293 783 1390 legendum

595 1423 700 1493 ‘Oen’
728 1419 843 1494 ἄνεθεν
869 1419 1016 1492 Λατοῖὸ.

202 1554 274 1627 Sed
308 1553 441 1651 injuria
475 1572 634 1646 quoque,
670 1549 707 1620 ni
742 1548 856 1634 failor,
897 1549 1035 1648 linguae
1069 1550 1214 1623 Graecae
1246 1551 1400 1646 purioris

200 1683 345 1781 legibus
372 1683 413 1754 fit
437 1680 598 1780 legendo
616 1679 784 1751 ἀνέθεντο.
839 1677 1033 1775 Nusquam
1061 1681 1156 1751 enim
1179 1679 1278 1776 apud
1294 1679 1401 1752 bonae

202 1821 299 1904 notae
337 1810 528 1906 scriptores
560 1809 714 1882 madiam
749 1833 874 1882 vocem
914 1809 983 1881 hoc
1017 1833 1125 1882 sensu
1156 1811 1308 1904 positam
1345 1833 1435 1882 me-

201 1940 333 2013 vidisse
373 1938 534 2012 memini.
587 1941 695 2036 Apud
737 1939 960 2014 recentiores
995 1940 1191 2038 aliquando
1230 1941 1399 2026 occurrit,

203 2096 290 2168 eg.
326 2071 364 2142 in
401 2069 660 2167 epigrammate
689 2069 785 2165 apud
817 2068 1032 2164 Sponinm⁷.

455 2201 566 2283 Μνῆμ’
591 2199 710 2296 α’λόχῳ
735 2205 834 2300 φιλίῃ
856 2199 982 2282 θήκατο
1007 2197 1154 2302 κουριδίῃ.

201 2331 263 2406 ubi
287 2332 483 2428 legendum
510 2329 629 2401 forsan
658 2335 783 2425 φιλίης.
814 2365 819 2377 ·

277 2457 360 2529 Vidi
401 2477 548 2553 quoque
593 2457 814 2554 epigramma
863 2456 999 2529 Paliad.
1053 2459 1252 2531 Alexandr.
1306 2460 1402 2554 apud

204 2587 455 2660 Brunckium⁸

234 2731 244 2746 ¹
287 2721 348 2792 τᾶν
365 2723 422 2792 θῶ
457 2723 510 2791 καὶ
529 2721 591 2797 ‘reio
607 2727 674 2805 κνῆ·
711 2720 774 2792 τᾶν
797 2720 828 2790 τ’
852 2715 979 2792 dontio
1001 2724 1054 2792 καὶ
1078 2715 1154 2816 δορυ)
1173 2723 1223 2792 καὶ
1240 2725 1314 2817 κρᾶ·

492 2857 519 2922 Γ
519 2846 780 2948 ορδιοπριλᾶριος
801 2848 923 2922 ἄνθετο
946 2849 1110 2931 Τιμοθέου

203 2988 239 3050 et
255 2978 352 3049 aliud
369 2981 465 3074 apud
484 2979 744 3052 Chishuliium⁹
768 2980 970 3052 Commodo
989 2979 1191 3074 imperante
1214 2981 1403 3076 scriptum,

203 3110 265 3182 ubi
304 3116 428 3195 θηκατο
463 3115 631 3186 occurrit.
678 3112 929 3212 =Knightius¹⁰
971 3137 1117 3210 quoque
1147 3114 1225 3212 jam
1270 3114 1405 3186 fatetur

203 3239 354 3311 activam
384 3265 507 3312 vocem
537 3243 571 3312 in
604 3243 812 3340 hujusmodi
840 3243 929 3316 locis
958 3241 1242 3339 frequentiorem
1272 3267 1363 3315 esse.

237 3341 248 3352 “
278 3366 408 3441 Plures
431 3371 554 3440 turbas
582 3371 656 3468 dat„
669 3395 736 3444 vox
763 3381 872 3449 ΔΙΡΙ.
926 3371 1156 3470 Knightius¹¹
1180 3373 1278 3478 enim
1305 3373 1401 3460 satis,
1509 3451 1513 3454 ,

777 3525 782 3533 ι

244 3543 355 3600 ¹Pind.
371 3543 442 3602 Isth.
458 3543 544 3601 Vttl.
563 3551 629 3602 128.
826 3549 871 3607 Cf.
904 3549 998 3606 Strab.
1027 3549 1065 3608 X.
1094 3555 1164 3608 148.
1207 3549 1303 3624 Epigr.
1328 3549 1401 3624 apud

242 3638 356 3694 ¹Pind.
383 3637 468 3714 Pyth.
495 3638 548 3699 lX.
574 3645 643 3698 384.
686 3641 774 3700 Hom.
805 3646 922 3705 -Clarln
940 3645 1004 3703 ltin.
1019 3645 1102 3702 Tnm.
1118 3645 1170 3701 Vl.
1194 3664 1221 3720 p.
1237 3651 1308 3704 tos,
1321 3652 1401 3718 <8vo.

204 3732 261 3789 od.
283 3735 322 3788 Α.
347 3737 416 3790 211.
466 3732 510 3790 Cf.
536 3734 662 3811 Etymol.
679 3737 723 3798 M.
746 3758 773 3812 p.
824 3744 879 3816 ed.)
892 3753 921 3798 et
936 3741 1090 3798 Lucianum
1105 3742 1141 3798 ab
1156 3761 1189 3798 en
1208 3742 1326 3799 citatum
1341 3741 1402 3798 aine

202 3833 272 3884 401.
292 3831 343 3885 43.
730 3873 734 3882 =
825 3840 881 3898 loci
891 3838 1005 3896 indicio.

222 4001 224 4008 y
241 3926 253 3956 ⁸
275 3921 347 3978 Εθεν
360 3919 390 3976 in
411 3922 543 3983 Gramm.
567 3926 657 3988 Portr.
675 3929 777 3985 citatur
865 3935 875 3967 ⁷
898 3933 984 4005 Spon.
1001 3932 1088 3990 Misc.
1104 3931 1191 3988 Erud.
1206 3950 1233 4005 p.
1248 3935 1318 3989 318.

202 4017 243 4088 (p.
259 4019 341 4089 200.)
355 4015 401 4070 sed
419 4014 495 4072 nulio
511 4017 573 4074 loco
590 4019 711 4078 indicato
725 4039 775 4076 nec
820 4027 823 4032 '
865 4026 876 4058 ⁸
897 4025 1022 4084 Brunck.
1038 4025 1125 4084 Anni.
1142 4025 1182 4082 ΙΙ.
1198 4044 1226 4099 p.
1239 4020 1308 4081 426.

203 4125 255 4181 ego
268 4128 313 4165 me
325 4109 425 4198 legisse
440 4114 565 4172 memini.
867 4122 878 4154 ⁹
896 4105 1042 4179 'cnishnlt
1062 4119 1126 4180 ltin.
1143 4138 1170 4193 p.
1185 4125 1233 4176 28.
1276 4117 1322 4176 Cf.
1337 4135 1404 4193 quo-

242 4204 253 4236 ⁴
274 4204 555 4279 Enis·xxx1v.ea.
572 4209 662 4266 onst
827 4233 880 4290 que
893 4217 1081 4291 Epigramma
1094 4215 1167 4290 apua
1183 4209 1305 4287 Walpol.
1319 4212 1403 4270 rom.

243 4295 254 4328 ⁶
276 4297 381 4357 Bloms.
396 4299 429 4356 ad
445 4299 522 4358 Pers.
535 4308 606 4369 992.
622 4307 697 4376 App.
829 4311 852 4370 1,
869 4330 896 4385 p,
912 4307 983 4376 576,

243 4391 254 4424 ⁸
274 4393 425 4454 Ἀνεθεσαν
446 4397 600 4474 frequenter
620 4399 674 4455 hoc
695 4415 776 4454 sensu
868 4403 889 4436 ¹⁰
911 4399 1313 4477 Proleg.adHom.cr.11.p.
1330 4405 1378 4458 80.

203 4490 322 4548 occurrit
338 4491 465 4567 quamvis
480 4483 614 4560 αἰὲθήκαν
628 4489 776 4567 vulgatius.
869 4492 888 4524 ¹¹
911 4497 1021 4567 Proleg.
1037 4494 1072 4550 sd
1085 4493 1173 4552 Hom.
1191 4509 1284 4549 xcrr.
