3176 5094
192 403 251 476 xvi
626 425 973 476 nsouscounur.

190 585 285 658 hudi
309 584 420 670 enim,
449 584 495 657 L.
513 585 570 670 B„
599 583 802 658 Biickhium
829 586 969 659 meum¹
997 583 1171 680 praeclure
1197 586 1244 658 de
1268 587 1335 658 hec
1353 611 1394 662 re

189 717 446 812 disputantem.
478 725 502 754 “
516 715 773 813 Perruigeto,”
794 718 926 813 inquit,
944 725 966 759 “
978 721 1075 814 apud
1093 741 1156 790 eos
1169 717 1233 814 qui
1251 719 1394 796 Grrecoe

191 845 380 942 scripture.
419 848 624 947 originibus
662 862 700 921 et
740 851 948 948 progressui
992 850 1278 947 pervestigandis
1313 851 1392 924 diii·

190 979 396 1076 gentiorem
429 1005 573 1076 operam
609 992 798 1068 neverunt,
829 981 889 1054 iiio
913 993 969 1054 est
995 982 1128 1077 opinio,
1158 981 1289 1058 iitereti
1315 1008 1392 1058 rno-

192 1114 357 1184 numenti
384 1137 499 1210 prope
526 1114 810 1212 uniuscujusque
839 1124 982 1188 setetem
1007 1137 1053 1184 ex
1076 1113 1250 1189 ductuum
1277 1116 1393 1190 forme

191 1255 230 1316 et
255 1245 437 1320 scribendi
468 1248 608 1320 ratione
633 1247 748 1341 probe
772 1245 922 1345 cognite
944 1269 1051 1341 posse
1075 1247 1247 1341 perspici.
1300 1248 1394 1338 Quor

191 1375 336 1472 quidem
368 1377 550 1451 sententie
577 1375 644 1448 etsi
677 1399 750 1449 non
777 1376 885 1471 piene
913 1374 1112 1472 rejiciendo
1135 1385 1200 1464 est,
1225 1387 1346 1450 temen
1364 1379 1394 1450 si

190 1525 213 1574 u
247 1502 403 1596 publicis
438 1501 716 1576 Atheniensium
758 1501 914 1574 decretis
954 1504 1147 1576 recesseris
1190 1503 1227 1576 iu
1261 1503 1393 1599 quibus

191 1641 291 1706 certe
324 1633 489 1728 quredem
523 1631 711 1726 scripturoe
733 1631 839 1704 :ratio
874 1630 1012 1703 sancita
1044 1642 1112 1718 est,
1145 1632 1310 1706 tantuin
1339 1633 1393 1706 his

191 1766 299 1838 rebus
326 1763 536 1861 judicandis
565 1763 736 1837 cautione
768 1787 862 1857 opus
892 1771 949 1834 est
980 1772 1174 1838 uteorum
1208 1763 1392 1859 proecipue

189 1896 324 1980 levites,
354 1895 416 1991 qui
445 1895 698 1968 obliterarum
734 1895 868 1968 formes
903 1895 1023 1990 pnuiio
1053 1895 1307 1968 insolentiores
1335 1893 1391 1967 vet

193 2026 277 2100 huic
294 2033 403 2123 etque
430 2024 481 2097 iiii
505 2026 600 2099 aetoti
629 2027 758 2114 minus,
781 2036 822 2097 ut
838 2024 1026 2121 putebant,
1049 2001 1319 2111 convenientes,
1347 2027 1393 2098 de

191 2155 342 2229 veritate
371 2167 685 2232 monumentorum
718 2155 945 2246 dubitarunt,
976 2155 1083 2254 gravi
1111 2156 1394 2251 reprehensione

192 2289 304 2388 digne
331 2290 512 2366 videatur:
555 2289 643 2364 Non
675 2292 792 2365 solum
825 2290 922 2362 enim
955 2289 1083 2362 eodem
1112 2290 1210 2383 epud
1242 2263 1393 2364 Graecos

194 2431 354 2515 tempore
387 2421 424 2492 in
465 2420 544 2493 eliis
580 2420 784 2494 civitatibus
824 2420 895 2492 ulie
934 2419 1173 2490 obtinuerunt
1207 2420 1390 2495 scribendi

149 2540 153 2550 ’
192 2570 329 2646 genere
363 2551 426 2620 scd
467 2548 573 2621 etiam
609 2549 834 2645 singulorum
870 2547 1166 2644 privatorumque
1206 2549 1390 2624 hominurn

190 2682 255 2756 eiii
279 2682 366 2754 eiius
387 2682 424 2753 in
449 2683 518 2754 hac
542 2705 582 2756 re
605 2703 749 2752 normas
772 2679 888 2752 secuti
911 2688 1009 2766 sunt,
1032 2680 1311 2780 antiquitusque
1329 2708 1391 2758 eos

192 2813 376 2886 literamm
406 2815 537 2886 ductus
566 2811 697 2910 quihus
729 2809 950 2882 recentiores
979 2819 1104 2882 etates
1129 2810 1168 2884 in
1200 2835 1274 2884 uno
1301 2815 1392 2890 ulte-

194 2967 309 3041 roque
343 2953 661 3018 monumentorum
702 2964 841 3038 genere
878 2941 1103 3038 potissimum
1140 2957 1389 3036 assueverunt,

194 3095 268 3144 non
296 3071 443 3170 ignotos
472 3072 584 3146 fuisse
612 3079 764 3155 constet,
797 3082 908 3168 etque
935 3070 1089 3144 invicem
1123 3071 1255 3168 quibus
1282 3077 1392 3169 prisci

194 3197 390 3272 Groeciusi
410 3200 569 3287 ereutii
592 3223 639 3272 ne
662 3200 921 3295 posterioribus
948 3201 1093 3297 quidem
1116 3203 1258 3278 saeculir
1282 3208 1390 3301 piene

194 3305 518 3402 sunt'obtitermis’

269 3457 356 3537 dem
380 3480 497 3553 peuce
522 3459 567 3530 de
591 3457 743 3556 singuiis
771 3457 882 3530 literis
909 3460 1138 3555 disputando,
1160 3475 1198 3537 et
1216 3466 1390 3563 imprimis

195 3593 240 3666 de
273 3588 391 3686 longis
421 3583 517 3685 quod
550 3587 653 3663 aium
684 3589 879 3679 vocalibus,
914 3615 1065 3689 querum
1096 3618 1182 3669 usus
1214 3621 1287 3670 non
1318 3600 1391 3674 nisi

195 3719 347 3800 Euclide
383 3720 569 3792 Archonte
602 3719 763 3794 Athenas
804 3723 976 3795 advectus
1008 3724 1117 3822 vulgo
1159 3727 1302 3818 dicitur,
1339 3731 1389 3804 ite

193 3865 234 3930 ut
260 3851 282 3938 »i
305 3859 381 3934 μετ’
410 3845 594 3935 Ἐυκλσέδην
623 3850 873 3946 ‘yponae-ruff,
908 3878 974 3949 pro
1000 3856 1127 3928 seriori
1155 3859 1215 3932 illo
1248 3874 1285 3935 et
1306 3887 1390 3960 per-

193 3982 335 4060 fectiori
362 3979 545 4054 scribendi
574 4003 713 4077 genere
741 3994 947 4079 usurpetur.
1001 3985 1074 4060 Sed
1103 3989 1200 4062 hunc
1230 4017 1387 4068 errorem

188 4233 192 4242 ’
238 4243 766 4307 ¹ssoctu1nd.ueccffiuernUniv.
819 4249 970 4308 Cominio
999 4249 1109 4320 Euclid.
1136 4252 1247 4316 Metus.
1275 4257 1387 4316 Fortun.

196 4337 496 4397 Berol.huct.1821.
818 4342 924 4398 Athen.
946 4363 974 4415 p.
993 4349 1082 4406 1723.

233 4431 244 4462 ¹
265 4429 339 4491 Plut.
355 4430 383 4486 in
398 4429 516 4490 Aristid.
529 4432 613 4490 Tom.
623 4433 646 4492 1.
662 4437 764 4505 p.319.
