3204 5104
169 379 295 446 lusca.
318 377 380 458 ΙΙ.]
747 382 788 444 15

168 567 332 638 unquam
351 545 436 638 poni
452 543 475 629 ¹,
511 568 577 615 nec
601 567 671 639 ego
689 545 893 639 exemplum
911 543 997 620 vidi.
1053 543 1256 616 Videndum
1275 566 1365 644 ergo

166 699 211 747 an
241 675 392 758 Ἀθηνέων
419 699 486 770 pro
509 677 676 760 Ἀθηναίων
705 685 800 748 stare
824 676 945 770 possit.
996 675 1054 748 Eo
1087 677 1183 760 enim
1213 675 1361 748 nomine

169 805 419 878 Panathenaea
463 805 636 900 imprimis
684 805 861 901 appellata
895 829 974 879 essa
1004 806 1172 880 omnibus
1205 805 1366 878 notum³.

169 937 265 1026 Quae
290 939 326 1008 in
353 939 472 1034 priore
497 937 637 1010 Tomo³
654 939 775 1010 adfert
791 937 1007 1034 Walpoiius‚
1035 939 1082 1012 de
1099 937 1365 1033 permutatione

169 1076 254 1136 eet
285 1099 330 1148 ω,
359 1089 467 1139 merse
499 1090 609 1164 nugae
635 1077 732 1138 sunt.
786 1066 927 1138 Vossii⁴
959 1068 1067 1140 verba
1104 1089 1187 1161 quae
1215 1065 1363 1163 profert,

172 1197 217 1268 de
250 1207 336 1268 uota
368 1197 426 1268 iila
458 1208 495 1270 at
523 1200 714 1271 recentiori
746 1198 1013 1293 permutatione
1039 1199 1077 1270 in
1104 1197 1214 1271 Mss,
1239 1209 1365 1297 agunt,
1422 1169 1427 1180 ²

173 1331 278 1428 cujus
307 1332 399 1403 mille
422 1333 589 1428 exempla
623 1335 732 1406 index
759 1333 1026 1407 Scbaeferianus
1052 1335 1099 1405 ad
1130 1333 1244 1431 Greg.
1276 1357 1368 1428 prae·

173 1463 285 1535 bebit.
337 1463 422 1536 Nec
452 1465 595 1563 majoris
623 1465 792 1561 ponderis
820 1477 905 1537 sunt
931 1463 1087 1561 eaquae
1114 1488 1135 1537 a
1165 1462 1367 1538 Scholiaste

176 1595 368 1670 Theocriti
402 1596 576 1692 profert⁵.
631 1594 704 1667 iste
739 1595 835 1667 enim
870 1597 977 1669 verba
1010 1596 1096 1668 facit
1126 1598 1171 1668 de
1204 1595 1272 1688 γέα
1305 1616 1372 1692 pro

176 1734 263 1822 γαῖα
287 1729 434 1823 scripto,
462 1730 559 1826 quod
583 1753 710 1804 resera
725 1753 790 1826 pro
816 1737 865 1822 ’γῆ
890 1730 950 1803 vai
971 1737 1034 1824 γᾶ,
1063 1727 1177 1804 vocali
1201 1727 1314 1826 ionga
1329 1727 1368 1802 in

175 1859 264 1930 duas
297 1858 426 1929 breves
460 1858 617 1930 resoluta
649 1859 806 1954 ponitur.
852 1857 988 1932 Melius
1022 1869 1145 1932 autem
1181 1860 1218 1931 in
1252 1857 1368 1930 altero

178 1987 301 2060 tomo*
334 1996 415 2080 post
444 1987 650 2076 Kiddium⁷,
693 1985 912 2073 Ἀλκμεωνίδης
946 2012 967 2059 e
1004 1987 1241 2060 marmoribus
1273 1985 1373 2060 Poti-

179 2121 306 2192 daeauo
331 2129 442 2215 atque
472 2121 706 2194 Sandvicensi
732 2121 831 2193 citat.
887 2119 1044 2192 Kiddius
1069 2119 1171 2191 addit
1195 2118 1374 2192 Timoclis

180 2249 335 2334 iocum⁸‚
374 2251 541 2336 Ἀλκμέων’
575 2253 766 2348 ἑωκέψατο.
833 2251 905 2323 Sed
939 2253 1055 2321 hoce
1091 2248 1218 2319 scribae
1252 2269 1375 2321 errore

181 2377 266 2450 oriri
293 2379 419 2472 potuit.
472 2379 748 2453 Observandum
784 2391 839 2452 est
868 2377 1004 2450 nullum
1033 2376 1236 2472 exemplum
1265 2377 1373 2475 hujus

182 2507 454 2601 permutationis
492 2533 513 2581 e
553 2509 729 2581 marmore
763 2509 915 2605 antiquo
942 2505 1043 2579 citari
1083 2505 1150 2578 nisi
1185 2505 1224 2577 in
1256 2507 1370 2579 verbo

184 2635 413 2723 Ἀλκμεωνίδης.
464 2637 544 2712 Hoc
574 2663 663 2738 ergo
695 2649 854 2712 vetustos
888 2637 1040 2711 Graecos
1075 2637 1143 2710 sibi
1172 2637 1376 2734 permisisse

189 2768 334 2840 minima
352 2769 594 2852 statuendum,
624 2770 691 2840 nisi
716 2770 819 2864 plura
837 2770 882 2840 de
902 2770 1005 2839 modo
1024 2767 1176 2863 antiquo
1193 2765 1377 2838 scribendi

188 2901 337 2971 verbum
364 2899 539 2979 Ἀλκμαίων
562 2899 747 2971 sciremus.
799 2899 987 2970 Eimslcius
1007 2905 1128 2968 autem
1158 2899 1271 2990 (apud
1291 2895 1380 2967 Mil-

189 3026 386 3125 lingenum)
403 3051 555 3126 magnus
568 3040 694 3100 auctor
707 3030 802 3099 banc
813 3026 1116 3122 permutationem
1127 3025 1224 3118 apud
1240 3034 1379 3097 veteres

190 3155 327 3229 Atticos
345 3155 424 3229 fieri
442 3157 643 3244 coufirmat,
664 3168 822 3229 attamen
841 3155 985 3228 nonnisi
999 3164 1083 3225 ante
1101 3154 1269 3239 vocalem,
1295 3179 1379 3252 quae

190 3285 217 3356 si
251 3284 370 3359 brevis
400 3297 504 3372 esset,
539 3286 651 3383 longa
682 3283 828 3358 tiebat(
858 3284 1045 3358 Elmsieius
1084 3293 1203 3356 tamen
1236 3279 1381 3355 nonnisi

191 3419 255 3508 νέα
281 3428 319 3489 et
343 3417 502 3497 Ἀλκμέων
525 3417 710 3488 advocat⁹.

230 3625 238 3655 ¹
262 3627 380 3700 Kuigbt.
395 3630 469 3702 apud
480 3627 582 3686 Clarke
599 3627 661 3686 ltin.
675 3627 758 3684 Tom.
810 3630 930 3706 majores
944 3626 1000 3684 ludi
1014 3627 1118 3684 dudum
1140 3623 1203 3682 ant'e
1224 3623 1252 3680 id
1268 3630 1378 3696 tempus

194 3722 260 3778 Vll.
276 3743 301 3796 p.
315 3731 361 3780 14.
810 3725 1030 3781 instituebantur.
1053 3721 1097 3780 Cf.
1111 3721 1218 3778 Maura.
1230 3719 1301 3778 Pan.
1311 3736 1336 3776 c.
1349 3724 1377 3776 ³.

230 3817 307 3873 ²Cs.
336 3817 460 3892 Harpoc.
483 3836 550 3874 vore
571 3813 759 3882 Παναθήνανα.
849 3817 1004 3892 'Walpob
1020 3817 1042 3872 1.
1056 3835 1082 3890 p.
1095 3820 1163 3872 454.

195 3909 314 3972 Pauaau.
329 3911 415 3969 V111.
429 3919 457 3970 2.
481 3911 587 3970 Maura.
604 3911 759 3968 Pauatbaa.
850 3913 861 3944 ⁴
882 3913 969 3971 Voss.
979 3911 1015 3968 ad
1026 3908 1131 3967 Catull.
1142 3927 1169 3984 p.
1184 3913 1254 3976 291.

194 4025 220 4082 p.
231 4013 258 4066 2.
300 4007 413 4090 Nescio,
427 4009 491 4084 quid
514 4007 697 4080 Millingenus
720 4009 760 4082 (p.
849 4003 1095 4064 ⁵Srhol.'1'beoc.
1110 4002 1194 4060 1.1a.

195 4105 234 4168 t.)
247 4101 281 4158 da
299 4099 385 4159 Ludis
407 4103 559 4160 minoribus
577 4103 636 4160 sive
652 4101 761 4159 Annuis
851 4106 862 4139 ⁸
882 4099 1003 4174 Walpol.
1016 4099 1100 4156 Tom.
1115 4095 1154 4153 11.
1169 4115 1195 4170 p.
1210 4097 1278 4163 597.

194 4195 449 4255 Attenoer'rvocatis
462 4198 548 4255 donec
563 4200 683 4273 majores
698 4197 760 4269 (01.
849 4198 861 4232 ⁷
882 4197 968 4257 Kidd.
983 4195 1018 4252 ad
1033 4193 1146 4252 Danas.
1162 4191 1206 4248 M.
1220 4191 1254 4248 C.
1269 4207 1296 4264 p.
1311 4185 1358 4256 76.

196 4305 272 4350 aru.
280 4295 322 4366 8.)
331 4291 546 4362 instituerentur,
559 4302 656 4366 postea
667 4300 761 4352 autom
852 4289 1002 4353 'timori
1038 4287 1111 4364 apud
1137 4286 1242 4346 Athen.
1270 4283 1325 4342 VI.
1351 4302 1378 4357 p.

197 4381 397 4444 Panatirnoeir.
419 4386 762 4446 Undavasnostrumante
814 4389 882 4442 223.
897 4385 935 4443 Ι).

199 4476 245 4536 01.
259 4497 336 4539 urrr.
354 4481 474 4540 effictum
496 4500 557 4541 ease
575 4491 663 4557 putat.
707 4482 763 4540 Sed
853 4475 864 4506 ⁹
884 4476 928 4537 Cf·
944 4475 1045 4536 Elmsl·
1056 4475 1091 4533 ad
1105 4473 1210 4533 Bacch·
1221 4477 1289 4538 ³³⁷·
