3218 5116
235 394 365 460 lusce.
390 385 502 466 v111.]
818 373 889 483 ttz

233 558 455 636 occidentali
488 557 688 655 proximam
716 559 814 636 intra
832 559 1017 656 porticum
1044 557 1372 660 Stylagalmaticem
1399 575 1437 638 at
1524 557 1530 562 ’

232 690 415 788 porticum
458 689 696 788 tetrastylnm,
724 690 819 764 illam
853 713 940 765 vero
976 690 1147 787 majorem
1181 701 1219 766 et
1253 692 1434 770 Minervas

226 821 366 916 templo
400 820 624 917 contiguam.
680 820 862 920 Majorem
899 819 996 892 illem
1032 831 1171 915 partem
1213 821 1430 920 Cecropium

224 953 340 1028 faisse
363 963 493 1050 putant
519 953 680 1026 Leukius
712 963 750 1026 et
779 952 974 1026 Stuartius.
1026 951 1070 1024 lu
1097 953 1203 1048 cujus
1231 953 1284 1026 rei
1314 953 1425 1032 tidem
1520 1028 1530 1041 ,

225 1083 500 1179 inscriptionem
525 1094 683 1157 nostram
700 1085 854 1158 advocat
874 1081 1047 1170 lenicius,
1072 1106 1154 1156 cum
1171 1082 1211 1156 in
1229 1107 1274 1157 ea
1290 1086 1425 1181 sapius

225 1222 418 1290 occurranl
446 1214 556 1288 verbu
581 1215 769 1311 τροστάσις
797 1215 880 1310 wpde
900 1220 963 1288 τοῦ
989 1220 1186 1309 Κεκροπίαν,
1212 1225 1249 1287 et
1280 1216 1422 1304 similia,

224 1362 310 1435 qnos
338 1340 429 1413 nihil
463 1339 531 1414 uisi
561 1341 764 1438 “Cecropii
792 1342 1006 1437 porticum”
1039 1363 1119 1414 esse
1148 1363 1254 1436 posse
1286 1344 1421 1418 statuit.

223 1469 299 1544 Sed
324 1471 457 1544 oblitus
480 1483 537 1545 est
556 1472 612 1548 rir
627 1495 789 1544 summus
809 1473 939 1546 eodem
961 1471 1067 1544 modo
1085 1471 1145 1544 hic
1170 1470 1241 1543 dici
1263 1473 1346 1568 πρὸς
1362 1507 1423 1548 του

223 1603 351 1688 Νότον,
377 1611 415 1673 et
432 1602 515 1697 πρὸς
539 1601 583 1674 ἔω
606 1602 656 1674 ita
677 1610 719 1673 ut
743 1625 789 1674 ex
816 1601 872 1673 his
896 1601 1018 1675 verbis
1040 1599 1130 1672 nihil
1152 1599 1273 1699 colligi
1299 1601 1422 1695 possit.

221 1721 430 1806 Creuzerua
468 1733 716 1806 Pandmseum
754 1731 941 1805 radiculam
962 1755 1056 1814 cum
1096 1721 1263 1807 Poliadis¹
1288 1734 1423 1829 templo

219 1863 453 1960 conjunctam
523 1860 981 1957 (monogenem
1044 1872 1081 1935 et
1140 1864 1224 1936 huic
1285 1862 1421 1960 templo

219 1991 467 2065 Erechtheum
484 1991 689 2088 proximum
711 1989 837 2086 (melers
856 1991 939 2064 dem
962 1989 1093 2084 tempsi
1111 1989 1178 2064 cler
1194 1991 1339 2086 Polias)
1357 1993 1421 2068 sed

217 2145 300 2196 cum
322 2147 369 2196 eo
391 2123 488 2196 haud
506 2121 744 2221 conjunctum
763 2147 842 2198 esse
860 2122 981 2196 dicit¹.

295 2249 511 2326 Wilkinsins
535 2261 661 2324 contra
689 2251 908 2347 Cecropium
937 2250 1085 2325 minime
1114 2253 1312 2327 Erechthei
1337 2279 1419 2351 par·

216 2394 305 2470 tem,
333 2383 493 2477 quamvis
524 2381 558 2454 ei
585 2381 785 2480 proximam
811 2381 923 2454 luisse
951 2382 1087 2468 statuit,
1114 2381 1417 2456 Theodoretum³

214 2517 408 2600 advocans,
444 2514 548 2614 cujus
581 2512 693 2586 verba
729 2511 879 2608 profert,
909 2511 1038 2607 'llvovye
1070 2515 1105 2586 ἐν
1144 2521 1189 2618 τῇ
1233 2516 1415 2613 ἀκροπόλει

216 2649 386 2745 Ks'rrporor
409 2646 486 2719 ἔστι
510 2645 633 2743 τάφος,
659 2646 752 2744 rrupd
775 2645 839 2730 τήν
860 2651 1050 2743 Πολιοῦχον
1068 2647 1184 2736 αὑτήν,
1205 2656 1243 2718 et
1269 2647 1413 2742 procul·

214 2778 325 2851 dubio
360 2755 473 2850 verba
506 2773 750 2871 inscriptionis
784 2795 867 2869 qun
901 2775 1053 2886 advocat
1086 2773 1245 2878 Iaealrius
1275 2775 1412 2847 autad

213 2897 353 3008 partem
383 2907 520 3005 templi,
546 2916 611 2980 aut
642 2907 757 2979 oedem
795 2905 975 3002 quandam
1009 2907 1057 2978 ab
1090 2929 1134 2978 eo
1171 2908 1266 2979 haud
1300 2905 1411 3005 longe

212 3049 387 3114 remotam
414 3035 596 3130 respicere
622 3042 783 3130 possunt.
825 3031 936 3104 Plura
954 3032 999 3122 de
1023 3033 1092 3101 hac
1116 3055 1167 3116 re,
1193 3033 1232 3101 in
1257 3031 1410 3102 Mtillerl
1562 3025 1567 3034 '

209 3167 456 3263 disputatione
480 3165 574 3238 inira
600 3164 728 3259 posita,
759 3164 895 3236 Lector
919 3157 1086 3255 reperiet.
1137 3158 1223 3249 Quo
1244 3167 1410 3253 tempore

206 3300 459 3374 Athenienses
485 3275 665 3372 Minerva
692 3295 865 3392 templum
889 3292 1068 3367 aedificare
1091 3290 1282 3388 coeperint,
1310 3289 1408 3364 hond

204 3439 347 3506 notum.
389 3427 590 3502 Stuartius³
609 3435 735 3500 eontra
754 3402 937 3500 marmoris
962 3422 1075 3497 nostri
1101 3423 1208 3508 sudem
1234 3419 1405 3496 nonnisi

202 3567 291 3655 post
322 3556 477 3653 ¹Olymp.
519 3571 669 3642 acuns
708 3555 892 3652 inceptum
936 3551 1073 3637 statuit,
1104 3575 1187 3624 cum
1222 3573 1283 3624 eo·
1303 3571 1403 3624 anno

203 3687 394 3760 incensum
418 3710 498 3760 esse
520 3685 694 3780 templum
724 3687 904 3782 quoddam
931 3683 1113 3755 Minervas
1136 3685 1256 3756 tradat
1271 3681 1402 3754 Xeno-

201 3819 304 3914 phou
315 3817 342 3905 ⁴,
377 3819 475 3914 quod
505 3815 563 3890 ille
590 3824 694 3888 vetus
726 3817 897 3914 templum
926 3813 1107 3888 Minervas
1136 3809 1293 3887 Poliodis
1320 3832 1400 3883 esse

201 3948 359 4022 censuit.
386 3948 674 4044 Xenophontem
688 3947 745 4019 hic
763 3945 1060 4042 Hecatompedon
1079 3945 1259 4040 respicere
1269 3953 1400 4040 putant

207 4081 410 4176 Walpolius
435 4093 473 4154 et
492 4077 718 4155 Wilkinsius.
770 4078 927 4150 laeakius
957 4087 1082 4150 contra
1112 4075 1149 4146 in
1178 4074 1238 4146 illo
1266 4071 1396 4144 Xeno·

244 4271 252 4304 ¹
276 4271 323 4330 Cl.
336 4273 467 4334 Creuzer.
479 4269 640 4350 symbolik.
657 4269 695 4328 ll.
706 4275 773 4335 730.
830 4331 834 4340 ,
864 4269 877 4302 ⁸
897 4267 1001 4328 Stusrt.
1017 4270 1062 4326 ubi
1075 4288 1168 4344 supra.

204 4365 345 4428 lv.seo.
865 4359 970 4418 ‘Xen
995 4359 1074 4420 Hell.
1095 4361 1118 4420 1.
1142 4359 1171 4421 6.
1213 4358 1261 4416 Cl.
1288 4365 1395 4432 quoque

825 4453 947 4512 nobilem
960 4454 1051 4512 virum
1073 4454 1177 4512 Comit.
1192 4449 1338 4508 Aberdeen
1360 4449 1395 4505 de

247 4551 260 4579 ²
278 4545 385 4613 Theod.
399 4556 525 4630 Therap.
542 4571 621 4612 vnr.
826 4547 981 4606 Architeet.
997 4567 1024 4621 p.
1042 4545 1108 4610 167.
1122 4543 1260 4617 (London.
1277 4546 1377 4619 1822.)
