3176 5094
210 381 284 453 11111
610 398 959 448 ruonacomaur.

212 552 393 630 emendat.
437 551 606 626 Shawius
630 555 746 644 (anno
768 557 882 647 1731)
904 553 1136 626 Itinerarium
1155 579 1260 628 suum
1280 579 1417 653 paucas

208 681 464 778 inscriptiones
497 681 688 755 continens
714 683 840 755 edidit.
884 684 1017 756 Postea
1042 689 1157 778 (anno
1178 687 1297 778 1752)
1343 689 1415 759 Po·

211 808 357 882 cockius
375 831 464 904 quas
481 807 557 901 ipse
575 807 814 901 exscripserat
828 806 1084 902 inscriptiones
1099 831 1252 881 numero
1267 810 1413 906 quidem

211 931 383 1035 plurimas
404 962 476 1010 ms.
503 948 609 1024 1752.
636 936 761 1024 edidit,
787 937 850 1008 sed
878 960 923 1009 eo
949 937 1057 1008 modo
1084 937 1207 1024 edidit,
1231 935 1272 1008 u't
1291 937 1414 1008 nullus

210 1065 313 1162 pejor
330 1087 408 1136 esse
422 1072 554 1157 posset.
598 1062 735 1133 Lucem
753 1058 898 1154 quidem
918 1059 1090 1132 Pocockii
1106 1062 1250 1136 labores
1268 1073 1408 1136 tantum

210 1195 343 1266 absunt
370 1207 411 1266 ut
429 1195 507 1266 aliis
528 1193 764 1265 marmoribus
790 1193 920 1276 ferant,
953 1203 993 1264 ut
1019 1191 1274 1286 inscriptiones
1296 1195 1343 1264 ab
1362 1217 1409 1266 eo

210 1323 333 1406 editas,
375 1348 466 1406 cum,
493 1323 552 1394 vix
586 1345 659 1393 una
690 1332 800 1416 atque
825 1318 939 1391 altera
965 1320 1139 1416 exceptis,
1162 1320 1302 1392 mendis
1336 1323 1408 1393 fre·

210 1454 362 1528 dissimis
393 1463 567 1540 scateant,
610 1474 683 1523 non
716 1451 785 1522 nisi
828 1473 968 1524 summo
997 1449 1120 1523 labore
1153 1449 1316 1522 adhibito
1352 1451 1409 1522 in·

210 1580 373 1678 telligere
398 1580 585 1675 possimus.
637 1577 746 1676 Quod
773 1577 855 1648 ideo
882 1578 995 1675 magis
1023 1578 1217 1656 dolendum
1245 1579 1408 1674 estquis

209 1706 413 1781 Pocockius
441 1705 568 1776 multas
601 1705 854 1799 inscriptiones
886 1706 1009 1802 magni
1044 1704 1215 1778 momenti
1249 1705 1407 1798 exscrip-

209 1839 328 1912 serit¹.
380 1835 551 1929 Denique
585 1834 719 1906 Oxonii
751 1858 819 1906 us.
854 1845 962 1923 1774.
1004 1835 1172 1929 prodiere
1206 1831 1407 1906 Cbandleri

208 1965 464 2058 inscriptiones
495 1961 682 2058 Antiquae,
717 1985 806 2057 quas
848 1961 906 2033 ille
941 1962 980 2033 111
1014 1961 1145 2033 itinere
1171 1983 1237 2055 per
1274 1959 1400 2032 Asiam

209 2093 394 2165 Minorem
420 2103 458 2162 et
477 2090 658 2163 Graeciam
678 2091 848 2185 impensis
866 2088 1057 2162 Societatis
1083 2092 1191 2162 dictoe
1214 2088 1407 2161 Dilettauti

207 2220 302 2292 facto
319 2219 517 2314 exscripsit.
559 2217 681 2291 Nemo
699 2218 871 2315 majorem
886 2218 1113 2313 diligentiam
1134 2243 1241 2314 quam
1257 2217 1405 2289 Chand·

207 2349 302 2422 lerus
334 2348 371 2422 in
402 2349 638 2420 exscribendo
668 2347 802 2441 posuit,
845 2357 881 2416 et
915 2347 1079 2442 quamvis
1118 2350 1154 2419 in
1194 2348 1405 2443 interpretis

207 2490 327 2574 partes
345 2480 481 2550 tuendo
504 2499 677 2572 prospera
705 2475 850 2546 fortuna
870 2475 968 2547 baud
996 2499 1141 2572 semper
1166 2499 1250 2549 usus
1277 2477 1334 2563 sit,
1361 2499 1405 2550 ea

206 2595 382 2680 tamenin
401 2604 563 2675 hacviro
587 2601 706 2672 iuerat
733 2602 920 2690 modestia,
947 2615 989 2676 111
1013 2605 1092 2700 ejus
1118 2626 1259 2675 errores
1284 2604 1405 2676 acrius

206 2735 473 2831 reprehendere
496 2731 731 2803 inhumanum
754 2741 858 2803 esset.
882 2729 1050 2838 ‘Nostris
1065 2733 1286 2827 temporibus
1304 2734 1404 2834 multi

207 2870 360 2945 viatores
390 2862 572 2938 Graeciam
603 2862 759 2934 invisere·
787 2872 824 2933 et
853 2862 986 2933 exinde
1009 2861 1105 2933 haud
1132 2885 1284 2957 paucam
1312 2887 1404 2936 mar-

193 3019 346 3097 morum
367 3016 517 3066 messem
535 3013 657 3062 secum
675 2989 886 3060 retulerunt.
949 2989 993 3060 In
1013 2990 1080 3060 hac
1098 3011 1137 3060 re
1154 3000 1275 3060 autem
1294 2989 1403 3088 louge

207 3126 380 3201 uberrimi
405 3134 490 3195 sunt
515 3121 683 3192 Clarkius
711 3131 746 3191 et
778 3119 1001 3192 Dodwellius
1027 3143 1182 3214 quorum
1212 3143 1322 3214 opera
1349 3121 1405 3192 in·

206 3252 461 3350 scriptionibus
496 3264 534 3320 et
566 3248 609 3318 iis
641 3247 743 3321 valde
778 3247 943 3344 pretiosis
978 3247 1113 3320 referta
1145 3257 1240 3319 sunt.
1291 3245 1404 3322 Multi

184 3395 353 3481 'quoque
370 3379 432 3474 qui
451 3376 586 3449 nullum
607 3399 697 3470 opus
712 3376 846 3472 publici
858 3376 955 3473 juris
974 3377 1110 3462 fecere,
1122 3399 1205 3448 suas
1223 3375 1403 3448 chartulas

207 3507 394 3604 Wslpolio
424 3505 582 3578 edendas
611 3504 834 3590 commisere,
863 3504 968 3600 cujus
995 3504 1033 3574 111
1060 3503 1161 3575 libris
1190 3502 1318 3575 multas
1347 3503 1412 3574 ia-'

204 3637 419 3732 scriptiones
437 3635 532 3707 haud
559 3657 666 3729 parva
687 3634 851 3706 doctrina
872 3633 1063 3705 illustratas
1082 3633 1215 3706 Lector
1233 3635 1400 3728 reperiet.

294 3763 467 3859 Superest
515 3749 565 3834 ut=
597 3761 696 3834 aliud
737 3786 855 3860 genus
904 3761 1147 3836 Collectorum
1191 3784 1401 3849 memorem,

205 3895 268 3992 qui
287 3891 424 3963 scilicet
444 3913 621 3962 marmora
647 3891 685 3961 in
709 3914 783 3962 uno
809 3891 902 3978 loco,
931 3891 1103 3964 Museum
1122 3901 1220 3985 puta,
1248 3889 1400 3963 collecta

207 4025 364 4098 edidere.
417 4020 579 4111 Quorum
612 4021 739 4116 prima,
776 4023 814 4094 ni
841 4022 956 4107 fallor,
985 4023 1066 4094 loca
1091 4031 1192 4096 tenet
1209 4019 1399 4108 Seldenus,

248 4211 257 4243 ¹
272 4213 384 4268 Durum
408 4229 474 4268 sane
492 4211 540 4268 sed
561 4209 773 4284 baudiniquum
825 4210 872 4269 Cf.
886 4228 993 4288 quoque
1007 4211 1188 4268 Paciaudium
1199 4211 1292 4285 (Mon.
1304 4209 1399 4284 Pelop.

204 4309 239 4365 de
248 4306 385 4365 Pocockio
392 4305 531 4382 judicium
540 4302 627 4362 tulere
637 4305 773 4362 Actorum
827 4323 867 4363 11.
882 4311 945 4380 29.)
957 4307 1004 4382 qui
1014 4313 1109 4364 tamen
1119 4305 1250 4379 paneade
1261 4303 1400 4362 Pocockio

205 4401 387 4479 Lipsiensium
406 4399 542 4460 Editores.
570 4398 651 4476 (Oct.
676 4397 777 4476 1753.)
826 4399 917 4472 seivit,
929 4418 994 4459 cum
1006 4400 1230 4460 Teutoneruesse
1242 4396 1399 4490 crediderit.
