3158 5104
173 471 291 538 lusca.
316 467 437 546 Χ111.]
601 519 604 526 .
765 472 812 534 83

352 847 357 862 ·
450 811 604 895 Crass.
632 809 698 893 ΙΙ.
755 809 908 892 1111111.
936 808 1072 894 XIII.

400 1088 676 1164 'I'ABULA
728 1087 1127 1164 PETILIANA.

441 1373 447 1385 ,
584 1305 675 1364 rna.
699 1305 754 1364 xr.
797 1305 869 1366 rm.
892 1305 948 1363 ur.

658 1495 848 1571 '...4....

161 1734 364 1803 Bartheiemi.
396 1731 541 1819 Epistol.-
564 1733 604 1796 ad
632 1731 741 1799 Adler.
774 1746 805 1796 et
833 1729 930 1819 Borg.
971 1730 1135 1798 Villoison.
1163 1731 1299 1819 Epistol.
1327 1737 1366 1800 ed

208 1853 308 1940 Borg.
371 1850 473 1916 Gabr.
507 1846 602 1914 Febr.
628 1847 775 1914 Diatribe
801 1873 834 1935 p.
855 1856 931 1914 888.
959 1850 1088 1916 Schow.
1115 1848 1224 1916 Chart.
1246 1849 1365 1937 Pupyr.

207 1969 304 2034 Rom.
334 1973 428 2039 1788.
451 1989 485 2051 p.
515 1973 586 2028 115.
648 1962 788 2042 Heeren.
812 1963 994 2030 Bibliothek
1025 1967 1080 2030 der
1103 1963 1186 2031 alten
1210 1963 1367 2032 Literatur

207 2085 270 2147 und
309 2081 425 2146 Kunst.
460 2077 552 2144 Pars.
584 2077 625 2142 V.
658 2102 690 2164 p.
725 2089 751 2143 1.
782 2078 941 2164 (Giitting.
976 2080 1084 2156 1789.)
1136 2079 1235 2145 Lanzi
1268 2080 1364 2167 Sugg.

206 2197 351 2264 Tom.1.
378 2221 412 2283 p.
435 2204 506 2262 108.
548 2193 642 2259 Nieh.
667 2192 786 2278 Ignarr.
813 2195 898 2284 apud
925 2193 966 2262 C.
994 2193 1034 2260 T.
1061 2195 1164 2260 Murr.
1186 2197 1225 2259 de
1247 2195 1362 2282 Papyr·

210 2313 392 2398 (Argentor.
414 2312 521 2384 1804.)
537 2335 569 2396 p.
587 2317 706 2384 87-49.
734 2308 934 2375 Siebenkees.
964 2307 1130 2396 Expositio
1144 2311 1256 2374 tabulae
1275 2308 1366 2376 Hos·

210 2425 298 2512 pital.
321 2421 352 2490 iu
375 2423 465 2490 Mus.
485 2423 634 2509 Borgian.
653 2422 780 2488 Velitris
800 2437 971 2490 asservatae.
992 2423 1088 2489 Rom.
1109 2431 1204 2497 1789.

235 2638 404 2726 [saurus
438 2661 493 2723 est
527 2659 628 2746 “eu¹
654 2676 727 2724 aere
768 2653 807 2724 in
853 2653 1004 2727 Bruttiis
1043 2613 1363 2748 properatum

161 2779 394 2878 (Polionstro)
418 2794 564 2882 reperta
585 2807 643 2856 an.
667 2803 921 2859 unoonxxxru
939 2807 1023 2881 quae
1047 2784 1142 2857 inter
1160 2783 1365 2881 insigniora

158 2918 385 3015 antiquitatis
416 2929 652 2996 monumenta
679 2919 825 2994 Velitris
852 2922 888 2994 in
924 2920 1058 2995 Museo
1089 2921 1278 3018 Borgisno
1305 2941 1363 2992 as·

157 3063 358 3130 servatur.’'
411 3055 636 3152 Interpretes
665 3056 702 3128 in
737 3057 860 3130 omnia
885 3058 1020 3131 abiere.
1073 3055 1182 3146 Quod
1213 3077 1363 3151 scopum

157 3191 290 3264 tabulae
317 3190 459 3280 attinet,
488 3189 707 3264 Villoisonus
733 3191 773 3263 in
798 3215 842 3263 ea
867 3190 1035 3264 emtionis
1063 3199 1101 3262 et
1130 3187 1361 3274 venditionis,

157 3321 211 3394 rel
238 3319 449 3394 donationis
469 3319 765 3410 instrumentum,
785 3331 826 3395 ut
848 3321 1046 3419 loquuntur
1071 3319 1362 3409 Iurisconsulti,

155 3453 333 3544 invenit¹,
367 3453 516 3541 “nisus,
548 3464 589 3528 ut
617 3455 769 3542 videtur,
798 3456 982 3552 praecipue
1007 3457 1128 3530 verbis
1157 3451 1260 3529 διδοτι
1297 3487 1362 3528 ταν

158 3593 180 3624 “
193 3592 295 3660 oiim
315 3589 370 3662 καὶ
388 3596 505 3661 ram
521 3619 648 3677 nam,
671 3598 709 3662 et
729 3587 926 3688 Demiurgi
942 3588 966 3661 i.
984 3612 1018 3662 e.
1037 3588 1162 3686 populi
1183 3587 1362 3671 Rectoris,

158 3725 227 3792 “et
246 3719 501 3796 Proxenorum
517 3721 799 3819 subscriptione,
818 3721 879 3820 qui
901 3721 957 3795 vel
975 3723 1097 3796 ulium
1117 3745 1237 3796 rerum
1252 3730 1363 3794 testes

157 3855 358 3944 “aderant,
388 3854 445 3929 vel
480 3879 527 3930 eo
554 3853 675 3929 officio
708 3855 970 3956 fungebantur,
1010 3856 1109 3953 quod
1139 3853 1247 3928 hodie
1273 3851 1362 3925 illud

158 3981 384 4056 “hominum
406 4007 539 4082 genus,
568 3984 858 4086 negotiatoribus
887 3985 987 4058 Italis
1014 3984 1187 4058 Sensali
1213 3983 1361 4069 dictum,

159 4113 373 4190 “exercet’.
417 4115 567 4216 Reliqui
593 4127 715 4193 autern
743 4143 883 4206 ornnes,
919 4119 981 4215 qui
1007 4119 1053 4190 de
1073 4116 1212 4204 =lamina
1237 4125 1362 4189 nostra

159 4254 181 4286 “
193 4247 305 4321 rerba
323 4247 526 4322 iecerunt’'
555 4251 706 4348 (praeter
724 4250 839 4324 virum
858 4248 1116 4324 facetissimum
1136 4246 1361 4324 Nicholaum

160 4379 323 4482 lgnarra,
353 4407 462 4483 quern
491 4411 575 4462 mox
601 4388 807 4481 audiemus)
835 4381 1358 4484 κΑ111).Β111·1111111111’,1111.

232 4611 241 4646 ²
265 4613 444 4710 S'rebenlrses.
460 4617 535 4694 Exp.
551 4639 579 4696 p.
595 4626 624 4678 5.
779 4619 789 4651 ¹
811 4617 858 4678 Cf.
873 4616 943 4680 Poll.
960 4617 1066 4676 Onom.
1080 4617 1148 4676 VII.
1163 4635 1191 4690 p.
1206 4609 1277 4680 692.
