3188 5102
187 409 313 480 Issen.
339 406 420 488 111.]

328 793 361 851 4.
415 777 728 854 lNSCRlPTlO
763 779 1127 856 ORCHOMENIA
1152 777 1249 851 llll.

718 1004 855 1052 ...4-

440 1187 565 1253 Biicklr.
584 1187 629 1250 T.
652 1187 675 1250 l.
698 1213 729 1273 p.
751 1197 826 1252 821.
871 1188 961 1252 Mus.
986 1185 1059 1251 Cat.
1085 1195 1137 1252 83.

236 1352 453 1426 ἈΛΕΥΑΣ1
482 1337 637 1444 Νίκίννοε,
663 1352 907 1456 Καφισόδωρον
928 1351 1168 1453 Ἀγλαοφίδαο
1189 1351 1343 1452 ἄνδρεσσι

237 1494 469 1585 χοραγίοντεε,
500 1491 687 1567 νικιίσιιντες
713 1490 873 1564 Διωνύσοι
898 1491 1060 1564 ἀνέθεσαν
1070 1491 1098 1577 ²,
1125 1491 1190 1562 Ἀθ

237 1627 328 1694 ανίαο
353 1616 524 1720 ἄρχοντος,
549 1625 721 1702 αὑλίοντος
749 1631 915 1712 Κλεινίου,
942 1621 1092 1698 α’ίδοντοε
1120 1622 1198 1718 Κριί

238 1783 349 1825 Τωνθῖ.

190 1900 284 1974 Haec
329 1901 516 1998 inscriptio
560 1905 747 1980 manifesto
789 1905 1044 1981 Orchomeniis
1087 1905 1281 1979 tribuenda
1324 1917 1391 1993 est,

188 2032 261 2104 sive
296 2032 447 2103 formam
482 2033 557 2105 sive
592 2033 785 2106 dialectum
820 2047 1039 2138 spectemus.
1092 2031 1176 2104 Nec
1210 2034 1291 2106 lraec
1323 2059 1392 2106 nac

187 2163 398 2256 praecedent
433 2161 637 2234 Charitesia
677 2163 824 2259 quidem
858 2174 1009 2260 spectat,
1037 2165 1101 2234 sed
1137 2162 1208 2234 hoc
1241 2163 1279 2233 in
1312 2164 1392 2237 loco

188 2289 303 2383 posui,
323 2312 404 2360 curn
425 2291 472 2362 ad
488 2290 653 2362 ludorum
681 2291 960 2404 celebrationem
980 2289 1202 2387 pertineant.
1249 2290 1391 2388 Hujus-

189 2418 285 2490 morli
315 2418 567 2515 inscriptiones
591 2422 675 2494 satis
695 2421 886 2517 explicavit
904 2419 1127 2518 Taylorus⁸,
1153 2419 1391 2518 aChoregis,

190 2562 228 2624 ut
260 2541 387 2626 rnerita
424 2579 490 2626 sua
524 2554 562 2626 in
596 2581 745 2629 munere
780 2557 952 2629 obeundo
987 2563 1226 2643 ostentarent,
1255 2553 1392 2650 positas

189 2707 267 2756 esse
285 2687 419 2760 docens
432 2715 442 2774 ;
471 2697 510 2760 et
535 2685 691 2760 lsaeum‘
711 2689 891 2761 advocans
917 2687 965 2758 ita
987 2685 1210 2780 loquentem.
1256 2689 1393 2771 μνημεῖα

188 2820 246 2898 τῆς
275 2816 382 2890 αὑτῶν
410 2819 530 2915 ἀρετῆς
556 2815 733 2905 ἀνείθησαν,
760 2825 864 2890 τοῦτο
895 2816 955 2900 μὲν
982 2815 1016 2885 ἐν
1043 2815 1206 2888 Διονύσον
1233 2811 1393 2913 τρίποδας

186 2941 238 3018 οὓς
257 2955 480 3043 χορηγοῦντες
505 2950 557 3016 καί
583 2955 731 3020 νικῶντες
747 2944 885 3034 ἔλαβον,
910 2944 1014 3016 τοῦτο
1031 2940 1106 3017 δέν
1133 2951 1269 3017 Πυθίαν·
1305 2945 1346 3018 Ν
1349 2971 1391 3020 ec

185 3079 291 3150 allier
317 3079 443 3173 Lysias
454 3081 476 3152 ⁵.
522 3078 603 3152 Ἐτι
628 3078 652 3151 δ
672 3079 809 3176 ἄνδρασι
832 3089 992 3179 χορηγῶν
1009 3089 1055 3155 εἷς
1080 3084 1239 3155 Διονύσια
1256 3084 1390 3168 ἕνίτησα

184 3210 235 3280 καί
270 3207 426 3293 α’νὴλιοσα
462 3209 523 3283 cciv
559 3217 604 3312 τῇ
635 3212 697 3285 τοῦ
734 3208 889 3308 τρίποδος
922 3213 1076 3286 ἀναθέσει
1112 3217 1389 3310 πεντακισχιλίας
1471 3273 1477 3284 .

183 3336 347 3436 δραχμάς.
418 3337 641 3440 Hujusmodi
679 3364 858 3413 marmora
903 3342 1058 3415 Athenis
1101 3345 1232 3440 scripta
1277 3344 1388 3416 multa

183 3479 319 3542 extant.
362 3467 488 3540 Unum
510 3467 692 3544 Lebadeae
710 3449 907 3568 repertum,
933 3470 991 3544 vix
1016 3473 1149 3547 diversi
1166 3473 1387 3573 argumenti,

182 3598 356 3672 dialectus
381 3597 502 3696 gratia
528 3600 704 3673 exscribo.

221 3802 230 3833 ¹
253 3803 331 3861 Idam
352 3825 453 3863 nomen
476 3809 597 3865 occurrit
619 3827 703 3884 supra
729 3812 757 3868 in
812 3812 939 3882 memini,
960 3815 1028 3872 alibi
1051 3816 1116 3872 ridi.

183 3901 270 3958 lnscr.
288 3901 325 3960 ll.
342 3901 427 3976 hujus
441 3901 547 3962 classis.
849 3908 860 3939 ³
883 3909 968 3986 Tayl.
984 3913 1019 3968 ad
1037 3913 1144 3970 Marm.
1156 3913 1264 3975 Sandv.
1278 3937 1306 3992 p.
1323 3915 1374 3986 69.

221 3994 232 4026 '
252 3993 399 4056 α’νὲθεταν.
441 3999 503 4055 Νεε
529 3998 601 4056 hanc
626 3999 758 4070 sormam,
849 4003 859 4034 ⁴
883 4005 969 4062 lsaeus
982 4007 1016 4064 de
1033 4009 1158 4082 Dicaeog.
1174 4008 1276 4071 haered.
1292 4030 1321 4086 p.
1337 4017 1386 4073 55.

184 4109 234 4148 nec
262 4089 340 4147 illarn
361 4111 422 4166 quae
443 4093 471 4149 in
493 4102 622 4169 sequente
643 4092 758 4169 inscrip-
810 4100 853 4157 ed.
868 4100 969 4176 Steph.

185 4187 257 4246 tione
278 4196 357 4246 extat
379 4189 516 4264 (α’νέθιον)
537 4209 599 4264 ego,
620 4200 755 4266 quantum
851 4193 862 4224 ⁵
884 4195 986 4273 Lysias
1002 4198 1087 4272 Apol.
1105 4197 1219 4278 Δωροδ.
1234 4219 1261 4273 p.
1276 4207 1346 4266 ³7³.
