3176 5094
596 371 941 420 rnonnaonana.
1241 355 1361 426 xxxvii

165 530 362 604 heiliorem
390 531 590 602 mutabant.
642 531 787 604 Deinde
816 533 1006 618 venustati,
1034 544 1073 605 ut
1097 533 1248 622 videtur,
1274 562 1362 609 con·

165 663 325 736 unientes
349 663 505 736 alterum
533 664 626 736 latus
654 665 871 758 produxere,
900 688 947 736 ne
963 663 1067 737 litera
1088 666 1135 736 ab
1159 691 1233 738 una
1258 679 1362 762 parte

166 794 397 866 claudicaret.

240 939 381 1010 Literre
415 937 501 1009 Rho
524 937 649 1016 ‚lurma
683 938 864 1011 recentior
896 947 924 1008 P
957 939 1153 1034 paullulum
1188 944 1235 1014 ab
1268 938 1381 1014 anti-'

168 1067 287 1161 quiari
306 1071 332 1147 lt
350 1064 499 1136 deflexit
525 1089 631 1162 quam
658 1067 778 1139 latini
805 1068 843 1138 in
866 1066 1005 1137 ltaliam
1024 1090 1145 1138 secum
1178 1069 1361 1144 invexere.

170 1203 224 1273 Ea
253 1203 372 1274 forma
394 1181 436 1272 in
471 1224 649 1274 marmore
675 1203 878 1298 Wrayiano
909 1211 1020 1273 extat.
1072 1200 1143 1272 Sed
1171 1227 1241 1300 ego
1267 1207 1363 1276 haud

171 1329 297 1402 dubito
331 1329 498 1420 (latinas
528 1330 651 1402 literas
687 1329 897 1425 respiciens)
929 1329 1017 1424 quin
1053 1329 1213 1402 omnium
1245 1344 1364 1406 vetus-

171 1461 309 1534 tissima
342 1461 459 1533 forma
492 1462 603 1535 fuerit
635 1471 678 1534 B.
730 1462 876 1534 Cauda¹
909 1461 1091 1558 paullatim
1124 1463 1364 1550 minuebatur,

173 1600 210 1660 et
243 1600 371 1684 postea
399 1589 549 1661 omuino
588 1591 720 1662 omissa
759 1599 823 1662 est.
882 1590 1008 1661 Media
1041 1592 1205 1686 quadam
1223 1583 1362 1681 torma,

174 1714 233 1787 cui
267 1716 385 1788 cauda
416 1740 484 1788 nec
513 1717 631 1789 omnis
666 1727 793 1811 erepta
826 1729 892 1802 est,
920 1740 987 1788 nec
1017 1717 1134 1789 omnis
1160 1731 1292 1807 manet,
1325 1720 1363 1792 in

174 1843 330 1916 nummis
357 1843 571 1937 quibusdam
598 1843 847 1940 Agrigentinis
874 1843 1128 1938 conspicitur¹.
1324 1841 1327 1850 ’

250 1973 426 2061 Quaenam
444 1961 612 2044 elementi
631 1979 659 2041 Σ
682 1969 797 2041 forma
817 1969 1054 2044 vetustissima
1071 1971 1193 2059 fuerit,
1221 1975 1250 2046 si
1274 1999 1366 2047 mar·

177 2127 277 2175 mora
313 2111 451 2173 tantum
488 2073 733 2194 respiciamus,
767 2099 865 2171 dictu
901 2111 955 2171 est
990 2099 1143 2171 difficile.
1205 2102 1247 2172 In
1281 2119 1366 2176 vase

179 2229 440 2312 Doduelliano,
469 2250 645 2301 marmore
676 2226 867 2322 Larissaea,
894 2236 932 2299 et
961 2225 1067 2321 galea
1096 2227 1282 2316 Freriana,
1311 2255 1367 2303 me

172 2369 311 2465 judice,
338 2349 566 2463 pervetustis,
594 2365 710 2438 forma
740 2371 779 2434 M
813 2362 871 2434 vel
911 2370 940 2430 Μ
977 2372 1148 2455 apparet3
1179 2362 1216 2433 in
1249 2365 1368 2437 tabula

180 2499 280 2584 Elea,
321 2511 363 2579 t
400 2507 438 2569 et
476 2497 566 2595 ᾖ
614 2496 653 2566 in
692 2515 868 2565 marmore
908 2490 1111 2588 Wrayiano
1151 2495 1247 2588 quod
1281 2495 1366 2567 item

178 2629 335 2725 speciem
366 2649 442 2723 prae
472 2652 511 2700 se
555 2627 626 2699 fert
657 2649 804 2698 summae
830 2625 1023 2709 vetustatis,
1059 2629 1086 2698 Σ
1096 2654 1108 2711 ,·
1141 2636 1178 2697 et
1210 2628 1368 2723 denique

178 2759 213 2829 in
261 2781 439 2830 marmore
480 2755 590 2852 Sigeo
625 2753 891 2849 conspiciturS
924 2743 963 2823 et
996 2750 1031 2837 3,
1068 2775 1111 2823 ea
1143 2751 1220 2845 ipsa
1253 2755 1367 2826 forma

178 2911 286 2982 quam
327 2884 529 2956 luculenter
571 2881 747 2977 expressit
787 2879 977 2974 Euripides
1009 2877 1047 2948 in
1089 2877 1229 2948 Thesei
1266 2880 1366 2976 frag-

180 3036 300 3096 mento
335 3045 444 3117 supra
475 3023 660 3106 advocato,
695 3017 888 3114 βόστρυχός
922 3047 973 3088 τις
1007 3015 1202 3106 εἱλιγμένος.
1248 3015 1297 3087 Et
1311 3021 1315 3029 '
1329 3017 1364 3089 in

179 3152 333 3226 nummis
357 3147 596 3223 Messeniacis
619 3145 836 3242 pervetustis
854 3143 1006 3240 legimus
1029 3141 1239 3230 MEZZEN„
1264 3143 1368 3217 litera

180 3289 213 3369 S,
240 3292 282 3352 nt
310 3302 395 3351 rere
423 3277 653 3348 Burmannus
663 3276 691 3360 ⁴,
717 3273 820 3344 aliter
847 3291 961 3342 versa.
1002 3266 1199 3339 Osannus⁵
1222 3269 1365 3364 quidem

182 3433 299 3504 nuper
345 3413 367 3475 S
415 3405 470 3478 vel
517 3408 552 3472 Μ
599 3393 890 3498 antiquissimam
924 3399 1075 3470 formam
1111 3421 1189 3469 esse
1223 3399 1367 3484 statuit,-

221 3627 229 3658 ¹
250 3631 296 3688 cr.
318 3597 452 3688 suman.
473 3632 508 3688 aa
522 3632 592 3688 aare.
609 3629 749 3688 nomn.
803 3649 903 3688 κω.
918 3649 1005 3687 xxx,
1025 3635 1053 3695 9.
1096 3627 1368 3704 Knight.deA1ph.

183 3727 235 3784 Sir.
258 3748 286 3802 p.
306 3731 375 3784 350.
418 3727 610 3800 Havercamp.
629 3726 663 3782 de
684 3727 750 3782 Vet.
803 3723 856 3783 Gr.
870 3723 943 3780 Tab.
960 3741 983 3779 1.
998 3726 1027 3779 5.

182 3823 235 3878 Μ’
249 3825 344 3881 Graec'
364 3839 478 3878 ΗΠ·
499 3829 610 3896 p'm'
652 3821 751 3924 ΤΟΠΫ
840 3856 919 3913 ⁴Cl.
934 3857 1070 3914 Burman.
1090 3856 1136 3912 ubi
1150 3875 1235 3929 supra
1255 3874 1283 3928 p.
1298 3855 1367 3924 296.

182 3935 270 3973 munz.
294 3916 382 3971 inser.
406 3915 538 3970 Pauorm.
558 3933 585 3987 p.
601 3919 648 3979 73.
691 3912 752 3969 Vrl·

182 4009 277 4067 leison.
290 4008 398 4065 Aneed.
412 4009 463 4064 Gr.
479 4008 518 4064 ll.
531 4027 557 4082 p.
576 4003 641 4063 168.

218 4102 295 4159 ¹Cf.
323 4103 367 4159 M.
396 4103 511 4176 AEgypt.
534 4102 570 4157 ad
593 4101 690 4156 Setum
717 4099 751 4154 de

185 4196 351 4255 Bacchanal.
366 4217 392 4271 p.
409 4203 474 4254 1⁸2.

220 4292 300 4352 ²Cl.
326 4309 434 4368 quoque
459 4311 589 4350 nummus
617 4291 751 4368 quosdam

182 4393 354 4456 pervetusta
365 4385 439 4460 apud
451 4383 667 4445 D’Hancarvill.
680 4383 751 4441 Tab.
842 4378 852 4409 ⁵
874 4381 983 4438 Osann.
997 4377 1067 4454 Syll.
1082 4396 1108 4449 p.
1119 4372 1149 4433 6.

800 3953 872 4010 Tab.
901 3953 1021 4010 Numm.
1054 3951 1129 4024 apud
1158 3949 1231 4007 Poll.
1264 3951 1370 4010 Onam.

800 4049 883 4105 Tum.
912 4065 952 4104 rr.
982 4067 1008 4120 p.
1037 4042 1125 4103 1126.
1173 4045 1267 4104 Parut.
1295 4049 1367 4104 Tab.

803 4161 876 4201 xvr.
897 4143 954 4198 No.
969 4149 997 4207 4,
1014 4145 1043 4200 5.
1055 4151 1083 4198 et
1095 4142 1208 4199 omniuo
1220 4143 1367 4203 Villoisun.

802 4236 909 4295 Aneed.
924 4234 976 4293 Gr.
990 4253 1027 4295 11.
1042 4255 1069 4308 p.
1088 4231 1156 4290 166.
