3222 5104
702 425 934 474 arrnnurx.
1312 399 1384 476 :les

323 545 412 612 Faxit

246 645 285 706 ad
303 648 387 727 quod
414 647 543 731 propius
566 648 726 712 accederet
750 655 933 712 ΔΑΚΡΥΣΙ
957 655 1131 714 ΚΟΣΜΕΙ.
1183 649 1228 713 At
1254 669 1327 713 vero
1353 651 1383 716 iu

247 763 400 807 marmore
420 756 492 827 post
509 745 649 809 ultimum
663 752 693 807 Δ
711 745 783 808 satis
798 748 880 810 clare
897 745 977 808 linea
994 760 1135 830 apparet,
1154 747 1296 832 neglecta
1314 748 1384 824 Vis·

246 850 350 912 conto,
369 863 468 926 eaque
483 866 544 906 nou
565 841 734 914 incurvata,
761 854 795 905 ut
812 865 880 906 esse
897 845 1033 918 deberet,
1061 843 1086 907 si
1104 853 1131 906 A
1150 859 1223 929 post
1241 851 1271 906 Δ
1286 843 1386 931 scrip·

246 944 312 997 tum
342 936 458 1014 fuisset,
490 941 545 1003 sed
575 938 850 1022 perpendicularis.
904 939 1016 1003 Statim
1049 956 1123 1024 post
1151 966 1219 1006 eam
1253 964 1388 1007 marmor

246 1033 371 1096 adesum
390 1051 448 1098 est.
495 1037 569 1100 Non
588 1034 716 1098 dubium
743 1049 858 1114 autem,
885 1035 959 1121 quin
987 1061 1023 1099 ea
1040 1040 1079 1100 ad
1103 1045 1128 1101 E
1154 1037 1336 1122 pertinuerit
1354 1053 1385 1104 et

245 1128 320 1213 quin
344 1139 492 1197 ΔΕΜΟΣ
509 1131 649 1217 suppleri
666 1135 801 1196 debeat:
845 1131 929 1198 Nam
946 1126 1045 1200 πόλις
1070 1149 1101 1197 et
1124 1124 1219 1212 δῆμον
1236 1134 1279 1197 ita
1308 1136 1390 1201 necti

247 1229 358 1294 solent.
412 1229 627 1312 Tyrtaeusrrr.
647 1253 675 1292 v.
693 1237 741 1294 15.
1200 1269 1202 1276 1

321 1335 424 1406 Ξννθν
441 1330 466 1403 θ’
479 1336 602 1408 ἔσθλθν
618 1340 723 1406 τοῦτο
741 1338 865 1420 πύληῖ
886 1369 926 1406 τε
945 1339 1048 1406 παντί
1064 1369 1104 1406 τε
1121 1332 1177 1420 θιί
1185 1369 1247 1426 up,

363 1429 487 1508 Ὅστις
503 1433 586 1527 α’νὴρ
603 1427 720 1522 θιαβθς
734 1431 770 1504 ἕν
786 1437 989 1530 προμάχοισι
1004 1432 1096 1534 μένῃ,

247 1561 373 1612 et'mox
387 1575 417 1613 v.
431 1561 484 1621 27.
663 1629 669 1636 ,

270 1656 334 1727 Tris
353 1653 378 1727 θ’
392 1658 617 1757 ὀλοφύρονται
631 1659 782 1742 μένὸμῶς
800 1659 865 1730 νέοι
881 1658 936 1743 ἤθε’
952 1664 1112 1757 γέροντες
1127 1665 1173 1745 (id
1186 1682 1233 1732 est
1247 1657 1360 1747 θῆρας)

319 1753 496 1849 Ἀργαλέῳ
512 1789 553 1826 τε
570 1757 664 1848 πόθῳ
679 1763 772 1829 πᾶσα
787 1751 897 1840 κε’κηθε
913 1760 1019 1834 πόλιν.

247 1872 311 1939 Hic
334 1876 421 1941 locus
440 1878 530 1942 simul
552 1879 737 1942 adverbum
763 1879 921 1942 sententia
939 1883 1140 1943 commodum
1164 1902 1221 1942 nos
1246 1883 1391 1959 duceret,

246 1971 271 2035 si
301 1987 432 2038 metrum
459 1969 681 2064 ὀλοφύρεται,
714 1963 864 2062 ὁθύρεται
893 1991 946 2038 ant
969 1976 1068 2040 simile
1096 1976 1223 2061 aliquod
1250 1992 1388 2066 caperet.

247 2066 330 2132 Cum
347 2068 554 2156 Cantabrigiae
573 2071 775 2155 Epigramma
792 2095 864 2136 cum
882 2071 923 2134 P.
936 2071 979 2135 P.
990 2072 1135 2151 Βούνου,
1152 2073 1216 2134 viro
1234 2077 1387 2157 praeclarae

246 2165 392 2230 doctrinae
423 2169 560 2253 mihique
587 2165 798 2242 dilectissimo,
826 2168 1102 2241 communicarem,
1130 2167 1208 2232 isin
1236 2167 1306 2252 ipso
1327 2175 1392 2236 lere

249 2265 379 2344 legendo
397 2263 555 2348 supplevit
1203 2261 1207 2282 ⁸

622 2368 771 2426 annox
796 2368 1028 2442 ncnxenoz,

248 2458 343 2544 idque
360 2482 399 2523 eo
421 2457 576 2524 lubentius
605 2458 787 2543 amplector,
812 2461 896 2542 quod
920 2464 1003 2542 apud
1027 2461 1135 2544 poiitas
1161 2459 1281 2523 Atticos
1300 2460 1392 2525 nullis

199 2560 204 2569 ’
248 2557 426 2620 nominibus
455 2555 569 2639 saepins
602 2556 836 2619 Atheniensium
855 2568 934 2619 terra
959 2571 1052 2642 atque
1078 2558 1215 2642 populns
1239 2556 1393 2646 dicuntur,

249 2677 342 2738 quam
354 2676 422 2737 quae
435 2659 475 2718 ab
495 2655 668 2718 Erechtheo
686 2656 780 2717 dncta
798 2668 889 2716 sunt:

247 2741 465 2840 Ἐρεχθεῖδαι,
492 2751 577 2838 ’γαΐα
601 2743 797 2840 Ἐρεχθέως,
826 2739 1042 2839 Ἐρεχθειδῶν
1068 2748 1164 2832 tede,
1191 2749 1297 2833 πολις,
1322 2753 1392 2818 alia.

248 2845 323 2913 Jam
339 2864 543 2934 pentameter.
769 2886 772 2892 ν

325 2963 364 3025 V.
389 2974 436 3027 10.
464 2969 628 3027 ΠΡΟΣΘΕ
646 2968 910 3052 ΙΠΟΤΕΙΔΑΙΑΣ
938 2957 1015 3024 ΗὈΙ
1042 2968 1191 3025 θΑΝΟΝ
1218 2969 1279 3026 ΕΜ
1305 2973 1359 3028 ΠΡ

250 3078 315 3143 sine
334 3077 458 3161 negotio
483 3102 540 3162 per
560 3083 813 3153 ΠΡΟΜΑΧΟΙΣ
829 3079 1004 3160 suppletur,
1031 3077 1210 3160 conjectura
1232 3099 1272 3143 eo
1302 3078 1393 3144 certi·

250 3200 314 3255 ore,
331 3178 416 3261 qnod
429 3188 500 3260 post
517 3181 543 3237 ll
562 3199 579 3238 e
597 3176 731 3238 fractura
747 3173 908 3238 marmoris
924 3197 985 3237 non
999 3171 1078 3236 linea
1096 3174 1190 3249 nuda,
1210 3196 1303 3256 quam
1321 3174 1393 3250 Vis,-

250 3288 363 3338 contus
380 3273 477 3351 dedit,
494 3275 549 3336 sed
565 3271 656 3335 simul
674 3285 854 3347 curvatura,
874 3295 935 3357 qua
955 3279 977 3334 P
995 3269 1135 3344 efficitur,
1153 3294 1223 3354 pars
1238 3271 1314 3344 satia
1326 3296 1394 3341 am·

251 3369 304 3457 pla
317 3371 442 3435 eminet.

246 3509 253 3535 ’-
325 3485 367 3548 V.
388 3495 436 3548 ll.
464 3491 620 3549 ΠΑΙΔΕΣ
642 3487 863 3548 ΑΘΕΝΑΙΟΝ
888 3487 1056 3546 ΦΣΥΧΑΣ
1072 3487 1392 3549 AA;·..T...PPO

352 3589 394 3647 E.
411 3627 438 3646 ..
455 3629 464 3644 .
480 3586 787 3647 ΧΣΑΝΤΛΡΕΤΕΝ
816 3585 944 3643 ΚΑΙΠΑ
973 3587 1007 3642 Τ.
1023 3620 1032 3642 ι
1047 3624 1054 3641 .
1072 3625 1079 3639 .
1099 3584 1262 3641 ...ΥΚΙ..

250 3698 356 3784 Hujus
386 3696 512 3761 distichi
542 3695 652 3758 misere
684 3692 788 3758 affecti
819 3691 1020 3775 promtiorem
1054 3695 1197 3775 spondeo
1213 3696 1390 3770 medelam,

249 3819 342 3881 qnam
372 3794 446 3880 quis'
470 3807 543 3878 post
570 3791 712 3856 Visconti
742 3804 873 3855 conatus
906 3803 1063 3874 expectet.
1119 3789 1242 3854 Etenim
1270 3791 1320 3855 hic
1347 3792 1393 3855 vir

249 3893 402 3977 egregius,
420 3891 471 3956 cui
495 3889 631 3954 Londini
653 3888 737 3951 brevi
754 3902 894 3971 tempore
910 3888 1008 3952 multu
1029 3889 1148 3971 agendo
1164 3891 1332 3973 multaeqne
1347 3888 1391 3951 in-

246 3989 428 4074 scriptiones
444 3989 654 4052 describendae
672 3999 769 4063 eraut,
788 4007 859 4048 cum
875 3983 1012 4068 singulos
1028 3985 1125 4048 nostri
1139 3985 1290 4070 epitaphii
1313 3987 1392 4050 duc·

250 4101 300 4152 tus
317 4101 411 4172 atque
429 4085 535 4171 apices
553 4083 690 4168 repetitis
704 4083 825 4148 vicibus
841 4083 1015 4146 examinare
1038 4105 1101 4146 non
1119 4098 1237 4167 posset,
1266 4095 1392 4169 praeter·

250 4185 337 4263 vidit,
352 4207 442 4247 versu
461 4193 512 4247 ll.
531 4181 617 4246 vocis
635 4195 810 4267 postremae,
828 4203 897 4265 quae
915 4205 933 4243 a
950 4187 1007 4244 ΛΑ
1023 4179 1143 4264 incipit,
1160 4195 1234 4265 post
1246 4180 1391 4246 lacunam

248 4295 310 4347 tres
327 4282 429 4345 literas
455 4289 534 4346 PPO
552 4304 615 4345 non
638 4282 764 4368 quidem
788 4277 920 4363 integras
951 4301 1126 4364 superesse,
1151 4281 1205 4342 sed
1228 4279 1271 4344 ita
1288 4293 1394 4344 tamen

249 4393 457 4466 comparatas,
482 4394 516 4445 ut
533 4404 605 4447 cum
619 4380 686 4444 aliis
704 4376 856 4444 conlundi
881 4376 1092 4474 nonpossint,
1121 4400 1215 4464 porro
1232 4377 1264 4442 in
1281 4377 1393 4442 lacuna

248 4479 327 4546 inter
343 4486 400 4546 ΔΛ
416 4494 447 4544 et
461 4487 554 4564 FPO,
571 4479 598 4544 si
616 4478 719 4545 literas
740 4476 943 4563 precedentis
958 4500 1065 4542 versus
1082 4501 1176 4561 supra
1193 4499 1260 4543 eam
1276 4473 1394 4560 positas
1516 4539 1521 4548 ,
