3176 5094
228 375 290 448 lxii
659 395 1005 453 rnouuoouusu.

227 551 393 647 quoedam
430 547 604 622 Bimardii
646 549 800 622 Buronis
837 549 977 624 Montis
1018 545 1162 622 Seleuci
1200 549 1246 622 de
1286 549 1426 626 [eduis

224 680 523 774 inscriptionibus
545 690 584 753 et
605 683 651 754 de
677 682 832 775 quadum
851 676 998 752 Graeca¹
1020 677 1118 752 infra
1144 679 1262 774 posita
1273 706 1285 765 ;
1314 681 1427 780 subji-

228 811 373 882 ciuntur
405 818 525 883 autern
561 810 752 884 Chishullii
785 812 830 882 de
864 809 977 908 Sigeo
1005 809 1160 904 aliisque
1189 811 1426 884 marmoribus
1502 853 1506 864 ι

227 941 497 1013 dissertationes
521 965 567 1014 cx
591 943 670 1039 ejus
693 964 803 1036 opere
822 940 998 1035 repetito.
1052 939 1191 1012 Donati
1217 938 1310 1016 libro
1332 965 1427 1036 prae·

226 1067 378 1141 mittitur
394 1069 728 1164 praestantissimum
746 1079 784 1140 at
807 1069 1061 1163 imperfectum
1088 1068 1232 1144 Maffeii
1261 1094 1354 1167 opus
1380 1073 1427 1144 de

225 1205 303 1268 arte
321 1196 457 1272 Critica
474 1199 682 1296 lapidaria,
712 1221 784 1294 quo
810 1198 921 1272 multa
944 1200 990 1271 de
1009 1198 1208 1300 Scripturas
1229 1199 1373 1296 origine
1390 1212 1428 1273 et

225 1323 270 1396 de
304 1325 610 1422 inscriptionibus,
650 1349 732 1424 quae
766 1327 801 1396 in
841 1325 942 1399 libris
985 1351 1066 1400 curn
1101 1327 1313 1405 Graecorum
1348 1337 1424 1400 turn

225 1453 438 1529 latinorum
460 1457 681 1544 referuntur,
714 1458 875 1532 exaravit
903 1456 1059 1533 eximius
1086 1458 1147 1531 ille
1175 1456 1361 1545 maffeius,
1388 1468 1426 1532 ct

224 1597 351 1684 postea
370 1590 541 1662 Capones
564 1590 757 1660 traduntur
780 1591 827 1660 ad
851 1601 955 1660 verus
979 1589 1231 1685 inscriptiones
1247 1615 1270 1662 a
1294 1590 1425 1688 spuriis

223 1712 498 1812 dignoscendas.
546 1713 739 1812 Praecipua
762 1725 881 1789 autern
908 1741 989 1814 pars
1011 1718 1150 1790 Donati
1174 1718 1425 1802 collectaneo·

223 1869 302 1918 rurn
321 1856 386 1918 aut
402 1870 426 1917 a
442 1846 629 1920 Victorum
648 1848 860 1936 itinerariis,
884 1859 948 1922 aut
969 1852 1015 1924 ab
1032 1850 1182 1925 aliorum
1201 1851 1424 1927 collectioni-

223 1979 291 2050 bus
323 1977 495 2050 bauritur.
555 1979 693 2050 Eodem
727 2003 824 2051 anno
862 1977 1009 2073 (1765.)
1044 2006 1118 2080 quo
1152 1955 1256 2058 suum
1290 1985 1422 2056 librum

224 2109 335 2182 Lucre
354 2109 521 2184 Donatus
545 2111 669 2198 edidit,
693 2111 783 2183 ulter
803 2113 932 2186 Rornae
955 2114 1088 2209 publici
1107 2115 1204 2212 juris
1220 2117 1337 2200 fuctus
1354 2125 1422 2202 est,

224 2241 281 2314 cui
300 2242 425 2314 titulus
443 2251 532 2313 erat.
576 2251 602 2280 “
619 2242 663 2314 Ο.
685 2243 729 2313 Α.
747 2242 896 2314 Oderici
915 2243 1122 2318 Genuensis
1140 2245 1423 2321 Dissertationes

224 2380 262 2444 et
289 2371 541 2444 adnotationes
567 2373 605 2444 in
631 2372 768 2469 aliquot
792 2373 948 2446 ineditas
965 2385 1105 2448 veteres
1129 2373 1420 2470 inscriptiones.”

224 2501 367 2578 Harum
386 2505 662 2601 inscriptionum
682 2505 797 2602 major
814 2529 895 2602 pars
914 2505 1046 2580 Latina
1062 2514 1128 2593 est,
1156 2505 1280 2581 insunt
1302 2515 1424 2588 tamen
1526 2573 1531 2585 ‚

223 2659 347 2732 paucae
363 2635 514 2720 Graecae,
542 2635 604 2707 sed
623 2634 841 2706 recentiores
857 2633 938 2720 illae,
961 2658 1030 2706 nec
1049 2635 1142 2708 bene
1159 2634 1359 2732 explicatae.

291 2762 399 2853 Quod
416 2761 571 2835 viatores
587 2762 730 2848 attinet,
748 2783 873 2836 omnes
891 2761 1011 2834 sciunt
1029 2760 1223 2861 Cyriacum
1240 2766 1423 2862 quendam

222 2917 269 2966 ex
302 2892 456 2964 Ancona
497 2891 572 2982 (cui
607 2889 827 2990 gentilitium
859 2911 992 2964 nomen
1023 2901 1102 2964 erut
1134 2890 1334 2978 Pizzicolli‚
1367 2891 1425 2966 vel

221 3021 449 3116 Picenieolli)
472 3021 628 3116 primum
656 3019 821 3114 (ineunte
845 3044 894 3093 sc.
921 3021 1044 3094 seculo
1065 3045 1132 3106 xv,
1159 3021 1305 3096 circiter
1330 3047 1419 3103 ano.

229 3150 354 3244 1430.)
382 3174 450 3247 per
468 3149 647 3223 Graeciam
672 3149 741 3222 iter
762 3149 957 3225 facientem
983 3149 1142 3222 animum
1160 3131 1357 3226 attendisse
1375 3155 1423 3226 ad

223 3291 364 3355 veteres
381 3280 502 3353 titulos
519 3280 783 3353 exscribendos.
836 3280 990 3353 Nullum
1009 3291 1130 3354 tamen
1146 3279 1275 3355 librum
1295 3282 1421 3370 edidit,

224 3421 261 3483 et
276 3409 413 3506 infelici
438 3411 592 3506 quodum
612 3433 696 3482 casu
716 3409 940 3488 collectanea
964 3409 1044 3506 ejus
1066 3408 1229 3505 dispersa
1255 3421 1360 3492 erant
1387 3420 1425 3484 et

224 3567 357 3644 magna
381 3567 427 3616 ex
446 3554 547 3637 parte
565 3541 716 3638 perdita.
767 3537 957 3614 Nonnulla
977 3549 1098 3612 tamen
1117 3540 1240 3613 seculo
1256 3540 1423 3636 proximo

138 3708 146 3718 ·
223 3671 358 3771 publici
378 3671 474 3769 juris
500 3669 716 3743 factasunt.
771 3668 964 3740 Moronius
981 3667 1117 3739 scilicet
1134 3669 1424 3744 Commentario·

225 3829 304 3879 rum
331 3803 476 3901 Cyriaci
504 3803 595 3874 Anc.
624 3801 816 3898 Specimen
831 3829 841 3886 ;
870 3798 1052 3872 Oliverius
1070 3799 1315 3873 Commentar.
1336 3800 1424 3898 Cyr.

201 3907 367 4012 ¹Ancon.
399 3930 509 4006 Noua
541 3931 745 4030 fragmenta
781 3929 937 4022 (Pisaur.
973 3925 1095 4020 1762.)
1134 3939 1171 4000 et
1204 3927 1422 4002 laurentius

226 4065 362 4139 Mebus
379 4063 523 4160 Cyriaei
544 4060 775 4133 ltinerarinm
797 4058 912 4153 (Flor.
934 4057 1063 4146 1742.)
1088 4057 1245 4129 edidere.
1290 4059 1423 4130 Postea

266 4259 336 4315 ¹lta
361 4257 395 4313 de
422 4257 475 4314 bac
504 4252 642 4313 Bimardii
674 4249 801 4325 Epistola
851 4247 964 4322 nollem,
985 4249 1088 4310 nollem
1107 4249 1210 4324 publici
1225 4249 1347 4326 jurisab
1360 4249 1423 4307 aliis

226 4354 326 4414 merito
341 4351 471 4410 Mallaius
483 4351 560 4406 Mus.
571 4348 675 4404 Veron.
690 4363 718 4418 p.
728 4349 799 4406 410.
850 4341 982 4402 lactum.’'

227 4455 245 4482 ‘⁶
261 4449 333 4506 Eam
363 4449 399 4504 ab
429 4444 535 4503 erudito
559 4441 619 4498 viro
653 4447 800 4500 armatam
