3204 5104
189 401 322 470 Issos.
346 397 440 490 111.],
779 403 822 482 17

268 573 434 650 Marmor
466 584 646 674 repertum
681 586 736 649 est
769 597 870 653 anno
907 581 1014 662 1753,
1050 571 1087 645 in
1121 571 1203 645 loco
1235 570 1390 670 quodam

191 705 386 782 [eucadiae
424 707 485 782 cui
517 733 650 783 nomen
688 708 887 796 Calterimi,
927 731 1039 804 prope
1078 729 1187 803 quern
1225 702 1391 802 reliquias

187 867 340 942 operum
375 849 474 947 quod
504 843 1095 946 aiuntcyctopeorumextant1.
1148 843 1269 917 Hodie
1294 841 1391 938 apud

191 971 489 1076 Petrizzopqum
518 992 737 1055 asservatur.
791 977 890 1054 Vidit
914 977 1059 1052 rediens
1085 1002 1131 1053 ex
1157 979 1292 1052 Arabia
1318 977 1391 1050 Ed-

190 1111 334 1184 wardus
366 1109 536 1210 Wortiey
565 1111 782 1213 Montague‚
814 1122 852 1185 et
882 1111 983 1183 multi
1012 1110 1150 1184 sudoris
1176 1133 1260 1206 ope,
1296 1109 1391 1180 hanc

189 1239 281 1316 tituli
309 1241 602 1340 explicationem,
628 1245 658 1317 si
684 1245 769 1318 Diis
791 1245 921 1344 placet,
950 1243 1181 1342 excogitavit.
1230 1243 1392 1342 Φέροντος

191 1377 270 1468 (εἰμι’
290 1377 367 1471 ἐγῶ
385 1374 542 1474 ἄγαλμα)
572 1381 810 1478 μνησικρᾶτους
839 1379 875 1452 s'rr
902 1383 1063 1478 Κορίνθου
1089 1375 1266 1468 εὖλοβοῖας
1290 1377 1393 1476 χάριν

186 1511 382 1596 ἆνοθεμᾶνου
405 1513 442 1586 ἆυ
469 1510 604 1586 Λευκάδι
631 1515 718 1613 ‘reptio
744 1514 925 1588 Ἀπόλλωνι
951 1516 1003 1586 troi
1030 1514 1082 1588 στ’
1109 1511 1247 1600 ὀνόματι
1271 1511 1393 1608 μητρὸς

188 1639 287 1714 πόλιν
311 1638 628 1730 οἱκοδομήσαντοςῑέ
664 1643 849 1718 Biickhius
883 1645 933 1716 ita
969 1643 1060 1744 legit
1091 1655 1203 1742 atqua
1238 1643 1393 1742 explicat

190 1779 305 1871 limpor
324 1773 366 1868 (ἰ.
388 1797 421 1848 e.
440 1778 586 1873 Φοῖρων)
605 1777 624 1849 ὁ
645 1775 910 1874 Μενυσικροῖτους
928 1781 991 1847 τοῦ
1006 1778 1165 1872 κορειτῖου
1186 1777 1391 1873 (Κορινθίου)
1465 1787 1470 1798 ’

185 1909 241 1980 καὶ
258 1907 317 1980 οὐκ
335 1905 491 2005 Ἀκαρυᾶυ
508 1908 595 2005 ἱερόν
615 1909 646 1980 τ’
663 1908 868 1984 Ἀπόλλωνος
888 1909 941 1979 καὶ
964 1907 1081 1979 πόλου
1105 1907 1235 2004 (πολιν)
1260 1939 1395 1992 ομοονο·

184 2041 290 2124 μα’τιυ
324 2042 515 2138 (ὁμόνυμον)
542 2049 690 2139 μυκτῆρος
723 2041 898 2140 (μητέρος)
928 2051 1057 2114 dstrroo
1088 2037 1231 2140 (ἔκτισο)
1262 2043 1328 2115 τᾶν
1358 2041 1395 2114 ἕο

183 2181 235 2247 τῦ
251 2177 423 2276 desudes.
475 2177 547 2252 Cui
565 2177 795 2275 explicationi
814 2179 891 2250 haec
911 2175 948 2250 in
969 2176 1082 2249 literis
1101 2169 1214 2249 MSS.
1235 2177 1392 2276 subjicit.

184 2305 281 2378 “lta
308 2307 388 2380 haec
417 2307 561 2405 explico
588 2319 626 2382 et
654 2319 787 2408 praeter
814 2307 885 2381 olio
912 2318 1002 2379 uoto
1027 2307 1075 2380 ob
1107 2295 1408 2381 Fourmontiana'

185 2439 495 2516 “memorabilem
548 2463 630 2514 esse
673 2439 888 2538 scripturam
936 2469 1109 2537 ματεερος,
1150 2437 1235 2512 item
1284 2447 1394 2515 Meos·

186 2563 214 2606 “
228 2569 408 2666 σικρᾶτους
440 2570 540 2668 quod
573 2568 656 2642 vide
689 2589 736 2642 tte
763 2567 810 2641 sit
842 2566 1101 2666 Μυησικροῖτουο.
1146 2565 1229 2640 Alia
1257 2567 1293 2640 in
1322 2569 1393 2642 hoc

187 2709 407 2776 “marmore
428 2704 521 2777 male
547 2701 766 2798 transcripta
788 2709 884 2789 suut,
913 2723 996 2798 quae
1018 2701 1147 2773 tacitus
1170 2700 1324 2788 correxi,
1352 2711 1394 2772 ut

189 2833 315 2908 “illud
355 2839 587 2923 Α9ΑΡΕΙΝ,
631 2835 729 2932 quod
769 2835 805 2906 in
851 2835 1092 2934 Autographo
1131 2834 1242 2909 credo
1281 2833 1393 2907 fuisse

189 2973 290 3054 “Ao
302 2968 511 3040 ΑΡΝΑΝ.”
563 2963 608 3036 ln
625 2961 730 3035 initio
750 2962 805 3035 rir
822 2963 890 3034 cet.
912 2962 1018 3034 nimis
1038 2962 1149 3061 longe
1166 2985 1189 3033 a
1207 2961 1392 3034 literarum

188 3097 300 3172 ductu
321 3097 482 3170 recessit.
536 3095 696 3193 Liquido
713 3095 810 3169 enim
829 3095 881 3168 ibi
899 3095 1068 3169 scribitur

511 3268 514 3276 ’
543 3266 651 3362 Παιρο
675 3296 719 3335 το
746 3267 1004 3359 Μενεσικρατος.

189 3421 264 3495 Sed
299 3445 344 3496 ex
383 3423 452 3496 hac
485 3433 587 3520 parte
625 3445 756 3496 manca
789 3433 900 3522 atque
942 3421 1068 3496 mutila
1104 3433 1161 3498 est
1192 3424 1389 3525 inscriptio.

189 3551 351 3626 Primam
394 3552 493 3626 enim
526 3554 659 3628 lineam
694 3577 912 3626 marmorum
945 3551 1203 3658 βουστροφηδον
1240 3556 1391 3653 iuscrip-

187 3697 307 3758 torum
334 3711 357 3759 a
384 3685 530 3759 sinistra
555 3686 782 3760 dextrorsum
809 3687 954 3762 duxisse
983 3687 1181 3786 sculptores
1208 3689 1387 3763 videntur.

188 3815 386 3916 Koightius
411 3828 549 3916 partem
576 3818 733 3892 nominis
758 3821 887 3895 deesse
912 3830 1015 3920 putat
1039 3833 1076 3896 et
1099 3823 1151 3896 ita
1174 3823 1265 3924 legit

486 4021 600 4044 ......
611 4001 737 4076 ,πωρου
761 3969 824 4044 voi
850 3977 1116 4072 Μενεσικρατουο

185 4117 284 4214 quod
306 4126 429 4190 mmeu
452 4139 580 4191 vereor
600 4127 640 4190 ut
658 4116 863 4192 confirmari
885 4118 1013 4217 possit,
1038 4143 1123 4196 cum
1146 4131 1187 4196 ut
1202 4122 1387 4200 verissime

185 4247 350 4326 Thomas
379 4247 526 4350 Youug
1373 4259 1383 4276 ·

635 4501 642 4534 ¹
667 4501 819 4578 Petriaaop.
840 4521 870 4578 p.
884 4510 934 4562 41.

773 4626 802 4693 C
831 4636 833 4644 .
