3176 5094
582 409 920 461 rnoursaomrsna.
1293 391 1352 465 lxv

153 576 310 672 quicum
328 595 429 644 anno
451 569 558 660 1627.
573 573 618 644 ad
636 571 815 644 Comitem
835 568 1044 642 Arundeliae
1060 569 1212 641 advecta
1228 579 1350 641 essent

152 727 326 776 marmora
352 702 519 796 quaedam
538 698 677 772 Graecis
698 700 810 772 literis
824 700 1036 796 plerumque
1053 698 1177 785 incisa,
1200 708 1237 770 et
1254 698 1349 770 inter

150 855 189 903 ea
207 831 419 904 Chronicon
438 830 526 902 illud
542 830 700 929 insigne,
717 829 879 926 proximo
897 854 995 902 anno
1012 827 1159 926 (1628.)
1175 829 1213 901 in
1235 854 1347 926 opere

150 962 203 1032 coi
219 961 346 1034 titulus
372 959 561 1032 Marmora
584 960 845 1033 Arundelliana
867 947 995 1033 horum
1017 953 1235 1033 marmorum
1259 985 1347 1056 apo-

148 1090 283 1184 grapha
318 1087 455 1182 publici
476 1082 573 1185 juris
597 1087 694 1161 fecit.
741 1088 773 1159 E
805 1087 969 1183 plurimis
995 1087 1233 1160 marmoribus
1263 1112 1346 1185 quoe

149 1239 266 1288 comes
285 1215 347 1287 ille
372 1215 629 1288 celeberrimus
654 1216 863 1288 Arundeliae
890 1216 1038 1288 summis
1062 1207 1235 1312 impensis
1259 1209 1349 1289 conss

150 1341 344 1435 quisiverat
358 1351 396 1414 et
411 1342 459 1413 ad
478 1325 703 1412 Britanniam
721 1341 902 1428 attulerat,
930 1364 1159 1437 quaecunque
1177 1343 1214 1414 in
1234 1344 1346 1416 hortis

150 1467 418 1540 Arundellianis
440 1479 522 1562 post
542 1469 636 1541 civili
661 1469 756 1541 bello
778 1471 899 1564 pulsos
930 1472 1093 1544 dominos
1107 1467 1230 1543 'adhuc
1247 1495 1347 1543 man-

150 1616 236 1678 sere,
266 1618 383 1690 nepos
410 1593 488 1692 ejus
512 1595 719 1667 Academiae
742 1595 943 1668 Oxoniensi
965 1600 1060 1670 dono
1085 1597 1193 1669 dedit.
1214 1595 1346 1670 'Plura

150 1731 268 1813 postea
297 1732 362 1792 aot
388 1721 556 1818 legavere
589 1733 654 1793 aut
687 1723 832 1810 dedere,
868 1721 1059 1812 Seldenus‚
1089 1726 1226 1822 Archp.
1249 1725 1346 1797 Can·

151 1853 338 1937 toarensis,
371 1864 409 1924 ct
436 1853 507 1926 alii.
561 1855 656 1944 Quat
688 1855 810 1927 omnia
843 1857 910 1929 sub
945 1857 1343 1931 nomine-Marmorum

152 1975 413 2049 oxoniensium
429 1977 574 2050 edidere
584 1977 841 2072 ·Humphridus
854 1977 1047 2067 Prideaux,
1066 1983 1203 2078 (Onon.
1218 1982 1343 2074 1676.)

153 2098 373 2174 Maittairius
405 2125 486 2172 cum
517 2101 694 2187 Reinesii,
730 2101 868 2198 Sponii,
897 2103 1089 2176 Chishullii
1122 2106 1347 2204 aliorumque

152 2232 556 2330 notis(Londini1732,
571 2257 654 2306 cum
674 2235 886 2330 Appendice
902 2245 995 2322 1733
1009 2235 1131 2326 edita,)
1151 2247 1188 2307 et
1201 2234 1346 2308 Chand-

150 2358 244 2432 larus
256 2360 408 2456 (Oxonii
422 2357 547 2452 1763.)
573 2360 765 2434 Maittairii
779 2361 925 2457 quidem
936 2360 1106 2447 editione,
1117 2361 1228 2458 ipsius
1236 2373 1346 2460 atque

150 2491 299 2564 aliorum
318 2490 530 2564 doctissimis
549 2491 644 2563 notis
668 2492 855 2578 instructa,
885 2514 993 2564 nemo
1012 2490 1074 2586 qui
1099 2493 1137 2562 in
1159 2491 1214 2564 his
1238 2495 1346 2568 rebus

152 2622 281 2694 multus
299 2632 365 2707 est,
383 2645 505 2694 carere
523 2622 643 2694 debet.
693 2621 845 2718 'Paylori
864 2633 954 2715 opus
972 2643 1046 2716 quo
1062 2643 1218 2694 marmor
1231 2619 1346 2694 Sand-

152 2751 293 2824 vicense
327 2750 366 2844 (a
393 2751 524 2822 comite
556 2747 803 2837 Sandvicensi‚
838 2772 936 2820 anno
971 2748 1079 2836 1739,
1110 2749 1156 2818 ab
1192 2748 1345 2820 Athenis

152 2880 357 2970 aduectum)
385 2878 523 2973 publici
533 2879 629 2977 juris
647 2878 745 2965 fecit,
766 2879 826 2950 vix
841 2902 932 2973 opus
957 2887 1011 2949 est
1032 2887 1158 2971 utpote
1179 2874 1346 2947 omnibus

152 3019 272 3080 notum
293 3029 506 3092 memorare,
532 3031 601 3078 nec
621 3005 731 3102 ipsius
749 3004 899 3100 'Paylori
916 3003 1115 3076 doctrinam
1134 3000 1345 3075 collaudare.

153 3131 316 3230 Propero
332 3156 422 3229 ergo
439 3133 486 3203 ad
504 3131 694 3204 Maffeium
711 3131 775 3226 qui
800 3140 975 3225 quantum
1002 3139 1039 3202 31
1063 3140 1200 3225 quanto
1226 3129 1347 3202 fructu

150 3259 184 3334 in
197 3265 264 3336 hoc
279 3285 422 3360 genere
438 3261 643 3347 elabordrit,
667 3261 788 3332 dicere
800 3284 957 3356 nequeo.
986 3261 1136 3332 Inerant
1151 3259 1190 3333 in
1207 3286 1253 3335 eo
1269 3262 1347 3336 viro

150 3391 340 3490 ingenium
352 3415 503 3487 peracre
519 3403 628 3487 atque
643 3392 736 3463 idem
751 3391 1072 3488 elegantissimum,
1090 3392 1255 3486 plurimae
1271 3417 1364 3467 0111·ι

152 3526 203 3598 nis
217 3525 372 3624 generis
389 3525 517 3610 literae,
537 3525 711 3597 doctrinae
732 3547 891 3596 summus
908 3546 1020 3614 amor,
1040 3524 1227 3621 diligentia
1243 3526 1348 3620 impi-

151 3656 311 3749 gerrime
334 3654 371 3724 in
398 3665 561 3726 veterum
587 3652 767 3749 relliquias
796 3653 1035 3748 exquirendo,
1063 3652 1245 3748 exquisita
1262 3675 1348 3724 vere
1430 3735 1436 3750 ι

151 3792 256 3880 atque
294 3781 428 3862 eximia
456 3783 633 3879 sagacitas
658 3784 695 3854 in
724 3782 944 3854 illustrando.
998 3781 1218 3876 Quicunque
1244 3784 1281 3854 in
1308 3807 1349 3856 re

154 3911 448 4014 Palaeograplrica
467 3915 646 4008 prolicere
663 3915 759 3996 velit,
788 3915 818 3986 is
841 3913 1031 3986 Maffeium
1050 3937 1157 4010 quem
1176 3926 1350 4010 sequatur

153 4055 354 4151 exemplum
365 4057 517 4148 'semper
533 4055 601 4126 sibi
623 4065 810 4149 proponat.
865 4052 949 4125 Hoc
966 4051 1003 4124 in
1022 4053 1102 4124 loco
1119 4055 1350 4128 memoranda

153 4195 230 4256 sunt
246 4179 726 4278 duospotissimum‘lllaffeii
743 4203 867 4276 opera,
885 4179 1018 4252 Gauiae
1035 4205 1084 4252 sc.
1104 4181 1350 4278 Antiquitates

156 4307 323 4400 (Parisiis
345 4320 456 4398 1733,
485 4308 777 4399 1131011131744)
801 4309 918 4399 edita,
938 4310 1109 4405 plurimas
1127 4334 1176 4382 sc.
1199 4309 1351 4406 inscrip-

156 4439 269 4517 tiones
284 4443 323 4516 in
342 4441 486 4518 Museis
498 4441 645 4518 Gallicis
659 4442 898 4540 continentes,
912 4454 949 4514 et
962 4443 1132 4518 Museum
1143 4441 1354 4516 Veronense

749 4579 762 4626 1
