<?xml version="1.0" encoding="UTF-8"?>
<!DOCTYPE html PUBLIC "-//W3C//DTD XHTML 1.0 Transitional//EN"
    "http://www.w3.org/TR/xhtml1/DTD/xhtml1-transitional.dtd">
<html xmlns="http://www.w3.org/1999/xhtml" xml:lang="en" lang="en">
 <head>
  <title>
</title>
<meta http-equiv="Content-Type" content="text/html;charset=utf-8" />
  <meta name='ocr-system' content='tesseract 3.04.00' />
  <meta name='ocr-capabilities' content='ocr_page ocr_carea ocr_par ocr_line ocrx_word'/>
</head>
<body>
  <div class='ocr_page' id='page_1' title='image "./inscriptionesgr00rosegoog_0460.png"; bbox 0 0 3196 5100; ppageno 0'>
   <div class='ocr_carea' id='block_1_1' title="bbox 174 405 802 488">
    <p class='ocr_par' dir='ltr' id='par_1_1' title="bbox 174 405 802 488">
     <span class='ocr_line' id='line_1_1' title="bbox 174 405 802 488; baseline -0.005 -15"><span class='ocrx_word' id='word_1_1' title='bbox 174 407 302 474; x_wconf 83' lang='lat' dir='ltr'><strong>Issos.</strong></span> <span class='ocrx_word' id='word_1_2' title='bbox 327 405 370 480; x_wconf 82' lang='lat' dir='ltr'><strong>t]</strong></span> <span class='ocrx_word' id='word_1_3' title='bbox 732 411 802 488; x_wconf 70' lang='lat'><strong>27}</strong></span> 
     </span>
    </p>
   </div>
   <div class='ocr_carea' id='block_1_2' title="bbox 273 585 1333 1060">
    <p class='ocr_par' dir='ltr' id='par_1_2' title="bbox 273 585 1135 805">
     <span class='ocr_line' id='line_1_2' title="bbox 274 585 1135 686; baseline 0 -25"><span class='ocrx_word' id='word_1_4' title='bbox 274 587 503 686; x_wconf 77' lang='lat' dir='ltr'><strong>&#39;l&#39;bynarcbo</strong></span> <span class='ocrx_word' id='word_1_5' title='bbox 530 585 752 661; x_wconf 81' lang='lat' dir='ltr'><strong>Orchomeni</strong></span> <span class='ocrx_word' id='word_1_6' title='bbox 778 586 978 674; x_wconf 81' lang='lat' dir='ltr'><strong>Archonte,</strong></span> <span class='ocrx_word' id='word_1_7' title='bbox 1000 609 1135 684; x_wconf 58' lang='lat' dir='ltr'><strong>⁴mense</strong></span> 
     </span>
     <span class='ocr_line' id='line_1_3' title="bbox 273 715 1068 805; baseline -0.001 -11"><span class='ocrx_word' id='word_1_8' title='bbox 273 717 545 805; x_wconf 86' lang='lat' dir='ltr'><strong>Alalcomeuio;</strong></span> <span class='ocrx_word' id='word_1_9' title='bbox 574 717 725 793; x_wconf 80' lang='lat' dir='ltr'><strong>Elstaeae</strong></span> <span class='ocrx_word' id='word_1_10' title='bbox 750 730 870 792; x_wconf 81' lang='lat' dir='ltr'><strong>autam</strong></span> <span class='ocrx_word' id='word_1_11' title='bbox 899 715 1068 793; x_wconf 81' lang='lat' dir='ltr'><strong>Menoets</strong></span> 
     </span>
    </p>

    <p class='ocr_par' dir='ltr' id='par_1_3' title="bbox 273 847 1174 947">
     <span class='ocr_line' id='line_1_4' title="bbox 273 847 1174 947; baseline 0.001 -26"><span class='ocrx_word' id='word_1_12' title='bbox 273 847 442 923; x_wconf 76' lang='lat' dir='ltr'><strong>Archelai</strong></span> <span class='ocrx_word' id='word_1_13' title='bbox 468 847 496 919; x_wconf 83' lang='lat' dir='ltr'><strong>f.</strong></span> <span class='ocrx_word' id='word_1_14' title='bbox 524 872 649 922; x_wconf 84' lang='lat' dir='ltr'><strong>mense</strong></span> <span class='ocrx_word' id='word_1_15' title='bbox 673 849 790 946; x_wconf 90' lang='lat' dir='ltr'><strong>primo</strong></span> <span class='ocrx_word' id='word_1_16' title='bbox 804 875 816 936; x_wconf 74' lang='grc' dir='ltr'><strong><em>ς</em></strong></span> <span class='ocrx_word' id='word_1_17' title='bbox 843 847 966 944; x_wconf 90' lang='lat' dir='ltr'><strong>pactio</strong></span> <span class='ocrx_word' id='word_1_18' title='bbox 979 850 1092 947; x_wconf 70' lang='lat' dir='ltr'><strong>forto</strong></span> <span class='ocrx_word' id='word_1_19' title='bbox 1117 859 1174 922; x_wconf 82' lang='lat' dir='ltr'><strong>cst</strong></span> 
     </span>
    </p>

    <p class='ocr_par' dir='ltr' id='par_1_4' title="bbox 274 979 1333 1060">
     <span class='ocr_line' id='line_1_5' title="bbox 274 979 1333 1060; baseline 0.004 -9"><span class='ocrx_word' id='word_1_20' title='bbox 274 979 369 1052; x_wconf 89' lang='lat' dir='ltr'><strong>inter</strong></span> <span class='ocrx_word' id='word_1_21' title='bbox 393 979 578 1052; x_wconf 79' lang='lat' dir='ltr'><strong>Eubulum</strong></span> <span class='ocrx_word' id='word_1_22' title='bbox 605 979 855 1054; x_wconf 86' lang='lat' dir='ltr'><strong>Phocecnsem</strong></span> <span class='ocrx_word' id='word_1_23' title='bbox 882 992 922 1054; x_wconf 86' lang='lat' dir='ltr'><strong>ct</strong></span> <span class='ocrx_word' id='word_1_24' title='bbox 944 979 1128 1054; x_wconf 79' lang='lat' dir='ltr'><strong>civitatem</strong></span> <span class='ocrx_word' id='word_1_25' title='bbox 1194 1053 1196 1060; x_wconf 80' lang='grc'>,</span> <span class='ocrx_word' id='word_1_26' title='bbox 1324 993 1333 1000; x_wconf 86' lang='grc'><strong><em>’</em></strong></span> 
     </span>
    </p>
   </div>
   <div class='ocr_carea' id='block_1_3' title="bbox 275 1095 1166 1330">
    <p class='ocr_par' dir='ltr' id='par_1_5' title="bbox 275 1095 1166 1330">
     <span class='ocr_line' id='line_1_6' title="bbox 276 1095 1166 1206; baseline 0.006 -28"><span class='ocrx_word' id='word_1_27' title='bbox 276 1095 628 1194; x_wconf 86' lang='lat' dir='ltr'><strong>Orchomeniorum;</strong></span> <span class='ocrx_word' id='word_1_28' title='bbox 656 1130 767 1203; x_wconf 89' lang='lat' dir='ltr'><strong>quum</strong></span> <span class='ocrx_word' id='word_1_29' title='bbox 792 1108 974 1206; x_wconf 89' lang='lat' dir='ltr'><strong>acceperit</strong></span> <span class='ocrx_word' id='word_1_30' title='bbox 998 1109 1166 1183; x_wconf 83' lang='lat' dir='ltr'><strong>Eubulus</strong></span> 
     </span>
     <span class='ocr_line' id='line_1_7' title="bbox 275 1231 1140 1330; baseline 0.005 -26"><span class='ocrx_word' id='word_1_31' title='bbox 275 1255 296 1304; x_wconf 91' lang='lat' dir='ltr'><strong>a</strong></span> <span class='ocrx_word' id='word_1_32' title='bbox 323 1231 471 1320; x_wconf 86' lang='lat' dir='ltr'><strong>civitate</strong></span> <span class='ocrx_word' id='word_1_33' title='bbox 493 1257 638 1306; x_wconf 85' lang='lat' dir='ltr'><strong>ornnem</strong></span> <span class='ocrx_word' id='word_1_34' title='bbox 666 1235 860 1330; x_wconf 89' lang='lat' dir='ltr'><strong>pecuniam</strong></span> <span class='ocrx_word' id='word_1_35' title='bbox 886 1236 955 1308; x_wconf 90' lang='lat' dir='ltr'><strong>sibi</strong></span> <span class='ocrx_word' id='word_1_36' title='bbox 981 1236 1140 1312; x_wconf 86' lang='lat' dir='ltr'><strong>debitam</strong></span> 
     </span>
    </p>
   </div>
   <div class='ocr_carea' id='block_1_4' title="bbox 274 1365 1307 1858">
    <p class='ocr_par' dir='ltr' id='par_1_6' title="bbox 276 1365 833 1460">
     <span class='ocr_line' id='line_1_8' title="bbox 276 1365 833 1460; baseline 0.005 -24"><span class='ocrx_word' id='word_1_37' title='bbox 276 1365 475 1437; x_wconf 78' lang='lat' dir='ltr'><strong>secuudum</strong></span> <span class='ocrx_word' id='word_1_38' title='bbox 504 1365 692 1460; x_wconf 75' lang='lat' dir='ltr'><strong>pactiones</strong></span> <span class='ocrx_word' id='word_1_39' title='bbox 717 1365 833 1439; x_wconf 87' lang='lat' dir='ltr'><strong>lactas</strong></span> 
     </span>
    </p>

    <p class='ocr_par' dir='ltr' id='par_1_7' title="bbox 274 1495 1307 1858">
     <span class='ocr_line' id='line_1_9' title="bbox 277 1495 1307 1600; baseline 0.006 -33"><span class='ocrx_word' id='word_1_40' title='bbox 277 1495 503 1600; x_wconf 74' lang='lat' dir='ltr'><strong>Tbyuarcbo</strong></span> <span class='ocrx_word' id='word_1_41' title='bbox 528 1495 727 1585; x_wconf 73' lang='lat' dir='ltr'><strong>Alabonte,</strong></span> <span class='ocrx_word' id='word_1_42' title='bbox 754 1521 878 1571; x_wconf 89' lang='lat' dir='ltr'><strong>mense</strong></span> <span class='ocrx_word' id='word_1_43' title='bbox 903 1498 1121 1588; x_wconf 62' lang='lat' dir='ltr'><strong>thelonio,</strong></span> <span class='ocrx_word' id='word_1_44' title='bbox 1176 1517 1179 1526; x_wconf 76' lang='grc'>’</span> <span class='ocrx_word' id='word_1_45' title='bbox 1296 1503 1307 1510; x_wconf 85' lang='grc'><em>”</em></span> 
     </span>
     <span class='ocr_line' id='line_1_10' title="bbox 274 1619 1155 1730; baseline 0.002 -29"><span class='ocrx_word' id='word_1_46' title='bbox 274 1639 312 1702; x_wconf 89' lang='lat' dir='ltr'><strong>et</strong></span> <span class='ocrx_word' id='word_1_47' title='bbox 336 1629 427 1702; x_wconf 81' lang='lat' dir='ltr'>nihil</span> <span class='ocrx_word' id='word_1_48' title='bbox 453 1631 489 1703; x_wconf 91' lang='lat' dir='ltr'><strong>ei</strong></span> <span class='ocrx_word' id='word_1_49' title='bbox 509 1631 664 1728; x_wconf 90' lang='lat' dir='ltr'><strong>amplius</strong></span> <span class='ocrx_word' id='word_1_50' title='bbox 682 1631 761 1730; x_wconf 91' lang='lat' dir='ltr'><strong>jam</strong></span> <span class='ocrx_word' id='word_1_51' title='bbox 789 1631 921 1704; x_wconf 88' lang='lat' dir='ltr'><strong>debeat</strong></span> <span class='ocrx_word' id='word_1_52' title='bbox 947 1633 1086 1720; x_wconf 83' lang='lat' dir='ltr'><strong>civitas,</strong></span> <span class='ocrx_word' id='word_1_53' title='bbox 1153 1619 1155 1626; x_wconf 69' lang='grc'><strong>’</strong></span> 
     </span>
     <span class='ocr_line' id='line_1_11' title="bbox 275 1757 1103 1858; baseline 0.006 -28"><span class='ocrx_word' id='word_1_54' title='bbox 275 1757 452 1832; x_wconf 71' lang='grc' dir='ltr'><strong>ιἐαιιιειιι</strong></span> <span class='ocrx_word' id='word_1_55' title='bbox 477 1760 600 1833; x_wconf 90' lang='lat' dir='ltr'><strong>omnia</strong></span> <span class='ocrx_word' id='word_1_56' title='bbox 625 1761 761 1834; x_wconf 87' lang='lat' dir='ltr'><strong>habeat</strong></span> <span class='ocrx_word' id='word_1_57' title='bbox 783 1760 831 1834; x_wconf 86' lang='lat' dir='ltr'><strong>ab</strong></span> <span class='ocrx_word' id='word_1_58' title='bbox 857 1762 958 1837; x_wconf 91' lang='lat' dir='ltr'><strong>omui</strong></span> <span class='ocrx_word' id='word_1_59' title='bbox 984 1773 1103 1858; x_wconf 88' lang='lat' dir='ltr'><strong>parte,</strong></span> 
     </span>
    </p>
   </div>
   <div class='ocr_carea' id='block_1_5' title="bbox 178 2027 1379 2200">
    <p class='ocr_par' dir='ltr' id='par_1_8' title="bbox 178 2027 1379 2200">
     <span class='ocr_line' id='line_1_12' title="bbox 178 2027 1378 2111; baseline 0.009 -25"><span class='ocrx_word' id='word_1_60' title='bbox 178 2028 224 2086; x_wconf 92' lang='lat' dir='ltr'><strong>lta</strong></span> <span class='ocrx_word' id='word_1_61' title='bbox 246 2027 403 2109; x_wconf 71' lang='lat' dir='ltr'><strong>Tpspsa&#39;os</strong></span> <span class='ocrx_word' id='word_1_62' title='bbox 434 2028 463 2085; x_wconf 91' lang='lat' dir='ltr'><strong>in</strong></span> <span class='ocrx_word' id='word_1_63' title='bbox 497 2028 586 2086; x_wconf 85' lang='lat' dir='ltr'><strong>Inscr.</strong></span> <span class='ocrx_word' id='word_1_64' title='bbox 613 2029 649 2084; x_wconf 85' lang='lat' dir='ltr'><strong>ad</strong></span> <span class='ocrx_word' id='word_1_65' title='bbox 676 2029 750 2088; x_wconf 89' lang='lat' dir='ltr'><strong>calc.</strong></span> <span class='ocrx_word' id='word_1_66' title='bbox 803 2049 853 2104; x_wconf 92' lang='lat' dir='ltr'><strong>pro</strong></span> <span class='ocrx_word' id='word_1_67' title='bbox 886 2058 907 2111; x_wconf 79' lang='lat' dir='ltr'><strong>p</strong></span> <span class='ocrx_word' id='word_1_68' title='bbox 946 2032 1056 2108; x_wconf 87' lang='lat' dir='ltr'><strong>positis,</strong></span> <span class='ocrx_word' id='word_1_69' title='bbox 1089 2053 1207 2110; x_wconf 85' lang='lat' dir='ltr'><strong>quornm</strong></span> <span class='ocrx_word' id='word_1_70' title='bbox 1250 2040 1378 2097; x_wconf 89' lang='lat' dir='ltr'><strong>omnium</strong></span> 
     </span>
     <span class='ocr_line' id='line_1_13' title="bbox 178 2120 1379 2200; baseline 0.008 -22"><span class='ocrx_word' id='word_1_71' title='bbox 178 2122 269 2200; x_wconf 64' lang='lat' dir='ltr'><strong>lnscp.</strong></span> <span class='ocrx_word' id='word_1_72' title='bbox 284 2122 421 2197; x_wconf 84' lang='lat' dir='ltr'><strong>ll..bujus</strong></span> <span class='ocrx_word' id='word_1_73' title='bbox 435 2120 554 2180; x_wconf 78' lang='lat' dir='ltr'>Classis.</span> <span class='ocrx_word' id='word_1_74' title='bbox 589 2121 645 2179; x_wconf 85' lang='lat' dir='ltr'><strong>Sed</strong></span> <span class='ocrx_word' id='word_1_75' title='bbox 659 2121 753 2180; x_wconf 78' lang='lat' dir='ltr'>forsan</span> <span class='ocrx_word' id='word_1_76' title='bbox 803 2124 1034 2198; x_wconf 84' lang='lat' dir='ltr'><strong>exemplasupra</strong></span> <span class='ocrx_word' id='word_1_77' title='bbox 1049 2126 1185 2185; x_wconf 79' lang='lat' dir='ltr'><strong>videmus.</strong></span> <span class='ocrx_word' id='word_1_78' title='bbox 1234 2129 1379 2188; x_wconf 85' lang='lat' dir='ltr'><strong>Biickhius</strong></span> 
     </span>
    </p>
   </div>
   <div class='ocr_carea' id='block_1_6' title="bbox 174 2214 1381 2392">
    <p class='ocr_par' dir='ltr' id='par_1_9' title="bbox 174 2214 1381 2392">
     <span class='ocr_line' id='line_1_14' title="bbox 174 2214 1353 2298; baseline 0.008 -25"><span class='ocrx_word' id='word_1_79' title='bbox 174 2217 214 2289; x_wconf 92' lang='lat' dir='ltr'><strong>(id</strong></span> <span class='ocrx_word' id='word_1_80' title='bbox 238 2215 311 2292; x_wconf 90' lang='lat' dir='ltr'><strong>quod</strong></span> <span class='ocrx_word' id='word_1_81' title='bbox 331 2214 461 2273; x_wconf 80' lang='lat' dir='ltr'><strong>Biiclsbio</strong></span> <span class='ocrx_word' id='word_1_82' title='bbox 477 2215 602 2288; x_wconf 83' lang='lat' dir='ltr'><strong>videtur)</strong></span> <span class='ocrx_word' id='word_1_83' title='bbox 617 2215 752 2290; x_wconf 88' lang='lat' dir='ltr'><strong>oppidum</strong></span> <span class='ocrx_word' id='word_1_84' title='bbox 802 2229 900 2276; x_wconf 86' lang='lat' dir='ltr'><strong>contra</strong></span> <span class='ocrx_word' id='word_1_85' title='bbox 922 2221 1071 2291; x_wconf 63' lang='lat' dir='ltr'><strong>FEtoroJi</strong></span> <span class='ocrx_word' id='word_1_86' title='bbox 1090 2221 1240 2298; x_wconf 86' lang='lat' dir='ltr'><strong>legendum</strong></span> <span class='ocrx_word' id='word_1_87' title='bbox 1262 2233 1353 2298; x_wconf 83' lang='lat' dir='ltr'><strong>putat.</strong></span> 
     </span>
     <span class='ocr_line' id='line_1_15' title="bbox 177 2307 1381 2392; baseline 0.007 -26"><span class='ocrx_word' id='word_1_88' title='bbox 177 2316 227 2366; x_wconf 89' lang='lat' dir='ltr'><strong>aut</strong></span> <span class='ocrx_word' id='word_1_89' title='bbox 256 2307 451 2365; x_wconf 83' lang='lat' dir='ltr'><strong>Erchomenns</strong></span> <span class='ocrx_word' id='word_1_90' title='bbox 478 2319 527 2364; x_wconf 89' lang='lat' dir='ltr'><strong>aut</strong></span> <span class='ocrx_word' id='word_1_91' title='bbox 554 2307 752 2366; x_wconf 88' lang='lat' dir='ltr'><strong>Orchomenos</strong></span> <span class='ocrx_word' id='word_1_92' title='bbox 845 2315 857 2346; x_wconf 83' lang='lat'><strong>⁴</strong></span> <span class='ocrx_word' id='word_1_93' title='bbox 883 2315 937 2370; x_wconf 64' lang='lat' dir='ltr'><strong>ode</strong></span> <span class='ocrx_word' id='word_1_94' title='bbox 963 2311 1046 2384; x_wconf 83' lang='lat' dir='ltr'><strong>salso,</strong></span> <span class='ocrx_word' id='word_1_95' title='bbox 1074 2317 1168 2386; x_wconf 79' lang='lat' dir='ltr'><strong>credo,</strong></span> <span class='ocrx_word' id='word_1_96' title='bbox 1194 2336 1212 2374; x_wconf 88' lang='lat' dir='ltr'><strong>a</strong></span> <span class='ocrx_word' id='word_1_97' title='bbox 1239 2317 1381 2392; x_wconf 87' lang='lat' dir='ltr'><strong>sculpture</strong></span> 
     </span>
    </p>
   </div>
   <div class='ocr_carea' id='block_1_7' title="bbox 117 2399 1382 4380">
    <p class='ocr_par' dir='ltr' id='par_1_10' title="bbox 117 2399 1382 4380">
     <span class='ocr_line' id='line_1_16' title="bbox 176 2399 1197 2488; baseline 0.004 -26"><span class='ocrx_word' id='word_1_98' title='bbox 176 2405 329 2462; x_wconf 83' lang='lat' dir='ltr'><strong>dicebatur.</strong></span> <span class='ocrx_word' id='word_1_99' title='bbox 371 2401 492 2460; x_wconf 88' lang='lat' dir='ltr'><strong>Nummi</strong></span> <span class='ocrx_word' id='word_1_100' title='bbox 512 2400 595 2459; x_wconf 92' lang='lat' dir='ltr'><strong>multi</strong></span> <span class='ocrx_word' id='word_1_101' title='bbox 612 2407 711 2457; x_wconf 79' lang='lat' dir='ltr'>extant</span> <span class='ocrx_word' id='word_1_102' title='bbox 726 2399 755 2456; x_wconf 91' lang='lat' dir='ltr'><strong>in</strong></span> <span class='ocrx_word' id='word_1_103' title='bbox 804 2425 854 2488; x_wconf 88' lang='lat' dir='ltr'><strong>pro</strong></span> <span class='ocrx_word' id='word_1_104' title='bbox 868 2404 928 2476; x_wconf 76' lang='lat' dir='ltr'><strong>oda,</strong></span> <span class='ocrx_word' id='word_1_105' title='bbox 947 2407 1029 2466; x_wconf 83' lang='lat' dir='ltr'><strong>etita</strong></span> <span class='ocrx_word' id='word_1_106' title='bbox 1043 2408 1197 2468; x_wconf 81' lang='lat' dir='ltr'><strong>iiiiclrbius.</strong></span> 
     </span>
     <span class='ocr_line' id='line_1_17' title="bbox 177 2494 1381 2580; baseline -0.004 -24"><span class='ocrx_word' id='word_1_107' title='bbox 177 2499 276 2575; x_wconf 85' lang='lat' dir='ltr'><strong>quibus</strong></span> <span class='ocrx_word' id='word_1_108' title='bbox 294 2497 424 2556; x_wconf 82' lang='lat' dir='ltr'><strong>scribimr</strong></span> <span class='ocrx_word' id='word_1_109' title='bbox 442 2495 534 2555; x_wconf 86' lang='lat' dir='ltr'><strong>EPX.</strong></span> <span class='ocrx_word' id='word_1_110' title='bbox 560 2495 606 2552; x_wconf 84' lang='lat' dir='ltr'><strong>vel</strong></span> <span class='ocrx_word' id='word_1_111' title='bbox 632 2494 753 2555; x_wconf 83' lang='lat' dir='ltr'>EPXO.</span> <span class='ocrx_word' id='word_1_112' title='bbox 843 2501 966 2564; x_wconf 62' lang='lat' dir='ltr'><strong>’mota</strong></span> <span class='ocrx_word' id='word_1_113' title='bbox 988 2507 1005 2563; x_wconf 75' lang='grc' dir='ltr'><em>ο</em></span> <span class='ocrx_word' id='word_1_114' title='bbox 1027 2523 1077 2580; x_wconf 82' lang='lat' dir='ltr'><strong>pro</strong></span> <span class='ocrx_word' id='word_1_115' title='bbox 1099 2505 1124 2578; x_wconf 66' lang='grc' dir='ltr'><strong>δ,</strong></span> <span class='ocrx_word' id='word_1_116' title='bbox 1147 2514 1176 2564; x_wconf 85' lang='lat' dir='ltr'><strong>et</strong></span> <span class='ocrx_word' id='word_1_117' title='bbox 1196 2505 1212 2563; x_wconf 71' lang='lat' dir='ltr'>s</span> <span class='ocrx_word' id='word_1_118' title='bbox 1232 2523 1283 2580; x_wconf 84' lang='lat' dir='ltr'><strong>pro</strong></span> <span class='ocrx_word' id='word_1_119' title='bbox 1301 2495 1323 2566; x_wconf 69' lang='grc' dir='ltr'><em>ὀ</em></span> <span class='ocrx_word' id='word_1_120' title='bbox 1343 2507 1381 2564; x_wconf 83' lang='lat' dir='ltr'><strong>ab</strong></span> 
     </span>
     <span class='ocr_line' id='line_1_18' title="bbox 177 2589 1380 2676; baseline -0.003 -12"><span class='ocrx_word' id='word_1_121' title='bbox 177 2613 194 2650; x_wconf 68' lang='grc' dir='ltr'><strong>θ</strong></span> <span class='ocrx_word' id='word_1_122' title='bbox 218 2595 327 2670; x_wconf 65' lang='lat' dir='ltr'><strong>quibub</strong></span> <span class='ocrx_word' id='word_1_123' title='bbox 353 2600 424 2650; x_wconf 54' lang='grc' dir='ltr'><strong>ΜΘ</strong></span> <span class='ocrx_word' id='word_1_124' title='bbox 447 2590 595 2660; x_wconf 62' lang='grc' dir='ltr'><strong>ΕθΗῑθῙὶθ,</strong></span> <span class='ocrx_word' id='word_1_125' title='bbox 619 2589 753 2668; x_wconf 88' lang='lat' dir='ltr'><strong>(Numm.</strong></span> <span class='ocrx_word' id='word_1_126' title='bbox 803 2598 925 2676; x_wconf 80' lang='lat' dir='ltr'><strong>antiquis</strong></span> <span class='ocrx_word' id='word_1_127' title='bbox 951 2598 1074 2658; x_wconf 82' lang='lat' dir='ltr'><strong>invicem</strong></span> <span class='ocrx_word' id='word_1_128' title='bbox 1100 2602 1282 2676; x_wconf 87' lang='lat' dir='ltr'><strong>ponebantur,</strong></span> <span class='ocrx_word' id='word_1_129' title='bbox 1309 2611 1380 2660; x_wconf 85' lang='lat' dir='ltr'><strong>testa</strong></span> 
     </span>
     <span class='ocr_line' id='line_1_19' title="bbox 179 2682 1382 2774; baseline 0.002 -21"><span class='ocrx_word' id='word_1_130' title='bbox 179 2685 246 2744; x_wconf 69' lang='lat' dir='ltr'><strong>Vel·</strong></span> <span class='ocrx_word' id='word_1_131' title='bbox 286 2685 325 2746; x_wconf 78' lang='lat' dir='ltr'><strong>ll·</strong></span> <span class='ocrx_word' id='word_1_132' title='bbox 362 2705 390 2760; x_wconf 76' lang='lat' dir='ltr'><strong>P·</strong></span> <span class='ocrx_word' id='word_1_133' title='bbox 434 2689 514 2762; x_wconf 88' lang='lat'>¹90.)</span> <span class='ocrx_word' id='word_1_134' title='bbox 558 2682 645 2762; x_wconf 66' lang='lat' dir='ltr'><strong>aliqui</strong></span> <span class='ocrx_word' id='word_1_135' title='bbox 678 2684 754 2742; x_wconf 70' lang='lat' dir='ltr'><strong>haud</strong></span> <span class='ocrx_word' id='word_1_136' title='bbox 806 2695 955 2753; x_wconf 74' lang='lat' dir='ltr'><strong>Eustochio</strong></span> <span class='ocrx_word' id='word_1_137' title='bbox 976 2715 1005 2770; x_wconf 90' lang='lat' dir='ltr'><strong>p.</strong></span> <span class='ocrx_word' id='word_1_138' title='bbox 1023 2702 1111 2756; x_wconf 78' lang='lat'>1841.</span> <span class='ocrx_word' id='word_1_139' title='bbox 1129 2697 1150 2758; x_wconf 83' lang='lat' dir='ltr'><strong>l.</strong></span> <span class='ocrx_word' id='word_1_140' title='bbox 1166 2703 1215 2758; x_wconf 73' lang='lat'><strong>28.</strong></span> <span class='ocrx_word' id='word_1_141' title='bbox 1232 2697 1280 2774; x_wconf 89' lang='lat' dir='ltr'><strong>qui</strong></span> <span class='ocrx_word' id='word_1_142' title='bbox 1300 2697 1382 2759; x_wconf 76' lang='lat' dir='ltr'><strong>odilis</strong></span> 
     </span>
     <span class='ocr_line' id='line_1_20' title="bbox 179 2777 1306 2867; baseline 0.004 -33"><span class='ocrx_word' id='word_1_143' title='bbox 179 2777 305 2838; x_wconf 87' lang='lat' dir='ltr'><strong>distantis</strong></span> <span class='ocrx_word' id='word_1_144' title='bbox 315 2781 587 2840; x_wconf 82' lang='lat' dir='ltr'><strong>aeviessavidentur.</strong></span> <span class='ocrx_word' id='word_1_145' title='bbox 601 2779 753 2838; x_wconf 82' lang='lat' dir='ltr'><strong>Eckhelius</strong></span> <span class='ocrx_word' id='word_1_146' title='bbox 804 2809 854 2864; x_wconf 70' lang='lat' dir='ltr'><strong>pro</strong></span> <span class='ocrx_word' id='word_1_147' title='bbox 865 2789 940 2848; x_wconf 59' lang='grc' dir='ltr'><strong><em>οὐδὲν</em></strong></span> <span class='ocrx_word' id='word_1_148' title='bbox 956 2790 1070 2848; x_wconf 78' lang='lat' dir='ltr'><strong>AEolum</strong></span> <span class='ocrx_word' id='word_1_149' title='bbox 1082 2791 1185 2867; x_wconf 59' lang='lat' dir='ltr'><strong>lingua</strong></span> <span class='ocrx_word' id='word_1_150' title='bbox 1198 2791 1306 2850; x_wconf 68' lang='lat' dir='ltr'><strong>tribuit,</strong></span> 
     </span>
     <span class='ocr_line' id='line_1_21' title="bbox 180 2871 1380 2960; baseline 0.011 -30"><span class='ocrx_word' id='word_1_151' title='bbox 180 2883 275 2932; x_wconf 84' lang='lat' dir='ltr'><strong>autam</strong></span> <span class='ocrx_word' id='word_1_152' title='bbox 297 2876 349 2932; x_wconf 89' lang='lat' dir='ltr'><strong>has</strong></span> <span class='ocrx_word' id='word_1_153' title='bbox 370 2875 466 2932; x_wconf 78' lang='lat' dir='ltr'><strong>literas</strong></span> <span class='ocrx_word' id='word_1_154' title='bbox 489 2873 565 2930; x_wconf 84' lang='lat' dir='ltr'><strong>mala</strong></span> <span class='ocrx_word' id='word_1_155' title='bbox 591 2871 754 2946; x_wconf 84' lang='lat' dir='ltr'><strong>explicavit,</strong></span> <span class='ocrx_word' id='word_1_156' title='bbox 845 2879 858 2912; x_wconf 47' lang='lat'><strong>⁸*</strong></span> <span class='ocrx_word' id='word_1_157' title='bbox 877 2879 937 2957; x_wconf 67' lang='grc' dir='ltr'><strong>πάρ</strong></span> <span class='ocrx_word' id='word_1_158' title='bbox 958 2880 1013 2937; x_wconf 76' lang='grc' dir='ltr'><strong>τάν</strong></span> <span class='ocrx_word' id='word_1_159' title='bbox 1033 2885 1126 2944; x_wconf 73' lang='grc' dir='ltr'>πόλιν.</span> <span class='ocrx_word' id='word_1_160' title='bbox 1170 2884 1246 2941; x_wconf 88' lang='lat' dir='ltr'><strong>Mihi</strong></span> <span class='ocrx_word' id='word_1_161' title='bbox 1265 2885 1380 2960; x_wconf 85' lang='lat' dir='ltr'><strong>quidem</strong></span> 
     </span>
     <span class='ocr_line' id='line_1_22' title="bbox 180 2967 1381 3051; baseline 0.005 -25"><span class='ocrx_word' id='word_1_162' title='bbox 180 2987 245 3028; x_wconf 88' lang='lat' dir='ltr'><strong>cnm</strong></span> <span class='ocrx_word' id='word_1_163' title='bbox 265 2969 463 3044; x_wconf 86' lang='lat' dir='ltr'><strong>magistratum</strong></span> <span class='ocrx_word' id='word_1_164' title='bbox 483 2967 613 3023; x_wconf 81' lang='lat' dir='ltr'><strong>denotare</strong></span> <span class='ocrx_word' id='word_1_165' title='bbox 635 2974 754 3039; x_wconf 84' lang='lat' dir='ltr'><strong>putaret.</strong></span> <span class='ocrx_word' id='word_1_166' title='bbox 805 2970 877 3027; x_wconf 86' lang='lat' dir='ltr'><strong>nihil</strong></span> <span class='ocrx_word' id='word_1_167' title='bbox 892 2971 920 3027; x_wconf 92' lang='lat' dir='ltr'><strong>in</strong></span> <span class='ocrx_word' id='word_1_168' title='bbox 941 2971 986 3029; x_wconf 84' lang='lat' dir='ltr'><strong>h&#39;s</strong></span> <span class='ocrx_word' id='word_1_169' title='bbox 1006 2975 1194 3032; x_wconf 82' lang='lat' dir='ltr'><strong>marmoribus</strong></span> <span class='ocrx_word' id='word_1_170' title='bbox 1209 2974 1263 3032; x_wconf 88' lang='lat' dir='ltr'><strong>bac</strong></span> <span class='ocrx_word' id='word_1_171' title='bbox 1283 2975 1381 3051; x_wconf 83' lang='lat' dir='ltr'>phrasi</span> 
     </span>
     <span class='ocr_line' id='line_1_23' title="bbox 179 3059 1382 3134; baseline 0.001 -11"><span class='ocrx_word' id='word_1_172' title='bbox 179 3065 308 3125; x_wconf 83' lang='lat' dir='ltr'><strong>Eandem</strong></span> <span class='ocrx_word' id='word_1_173' title='bbox 349 3060 594 3134; x_wconf 81' lang='lat' dir='ltr'><strong>Orthographiam</strong></span> <span class='ocrx_word' id='word_1_174' title='bbox 627 3061 656 3115; x_wconf 91' lang='lat' dir='ltr'><strong>in</strong></span> <span class='ocrx_word' id='word_1_175' title='bbox 691 3059 754 3117; x_wconf 89' lang='lat' dir='ltr'><strong>aliis</strong></span> <span class='ocrx_word' id='word_1_176' title='bbox 806 3062 954 3132; x_wconf 77' lang='lat' dir='ltr'><strong>notabilius</strong></span> <span class='ocrx_word' id='word_1_177' title='bbox 967 3063 1085 3122; x_wconf 87' lang='lat' dir='ltr'><strong>videtur.</strong></span> <span class='ocrx_word' id='word_1_178' title='bbox 1109 3063 1142 3120; x_wconf 93' lang='lat' dir='ltr'><strong>ln</strong></span> <span class='ocrx_word' id='word_1_179' title='bbox 1152 3064 1287 3122; x_wconf 84' lang='lat' dir='ltr'><strong>hodierna</strong></span> <span class='ocrx_word' id='word_1_180' title='bbox 1301 3067 1382 3124; x_wconf 82' lang='lat' dir='ltr'><strong>Gros-</strong></span> 
     </span>
     <span class='ocr_line' id='line_1_24' title="bbox 180 3152 1381 3237; baseline 0.001 -21"><span class='ocrx_word' id='word_1_181' title='bbox 180 3176 288 3237; x_wconf 80' lang='lat' dir='ltr'><strong>quoque</strong></span> <span class='ocrx_word' id='word_1_182' title='bbox 306 3156 388 3231; x_wconf 84' lang='lat' dir='ltr'><strong>hujus</strong></span> <span class='ocrx_word' id='word_1_183' title='bbox 403 3155 511 3212; x_wconf 84' lang='lat' dir='ltr'><strong>Classis</strong></span> <span class='ocrx_word' id='word_1_184' title='bbox 529 3152 755 3229; x_wconf 85' lang='lat' dir='ltr'><strong>inscriptionibus</strong></span> <span class='ocrx_word' id='word_1_185' title='bbox 803 3173 902 3212; x_wconf 89' lang='lat' dir='ltr'><strong>corum</strong></span> <span class='ocrx_word' id='word_1_186' title='bbox 942 3155 1040 3229; x_wconf 80' lang='lat' dir='ltr'><strong>lingua</strong></span> <span class='ocrx_word' id='word_1_187' title='bbox 1071 3157 1250 3216; x_wconf 87' lang='lat' dir='ltr'><strong>accusativus</strong></span> <span class='ocrx_word' id='word_1_188' title='bbox 1283 3159 1381 3218; x_wconf 87' lang='lat' dir='ltr'><strong>multis</strong></span> 
     </span>
     <span class='ocr_line' id='line_1_25' title="bbox 180 3248 1381 3330; baseline 0.002 -18"><span class='ocrx_word' id='word_1_189' title='bbox 180 3253 284 3312; x_wconf 85' lang='lat' dir='ltr'><strong>Lector</strong></span> <span class='ocrx_word' id='word_1_190' title='bbox 310 3251 428 3311; x_wconf 87' lang='lat' dir='ltr'><strong>notabit.</strong></span> <span class='ocrx_word' id='word_1_191' title='bbox 474 3249 619 3309; x_wconf 78' lang='lat' dir='ltr'><strong>Bdclcbius</strong></span> <span class='ocrx_word' id='word_1_192' title='bbox 647 3271 755 3328; x_wconf 86' lang='lat' dir='ltr'><strong>quoqne</strong></span> <span class='ocrx_word' id='word_1_193' title='bbox 803 3248 1054 3324; x_wconf 83' lang='lat' dir='ltr'><strong>praepositiooibus.</strong></span> <span class='ocrx_word' id='word_1_194' title='bbox 1066 3250 1211 3326; x_wconf 88' lang='lat' dir='ltr'><strong>subjicitur</strong></span> <span class='ocrx_word' id='word_1_195' title='bbox 1229 3252 1329 3330; x_wconf 89' lang='lat' dir='ltr'><strong>quibus</strong></span> <span class='ocrx_word' id='word_1_196' title='bbox 1351 3254 1381 3314; x_wconf 88' lang='lat' dir='ltr'><strong>in</strong></span> 
     </span>
     <span class='ocr_line' id='line_1_26' title="bbox 179 3342 1380 3434; baseline 0.002 -28"><span class='ocrx_word' id='word_1_197' title='bbox 179 3347 358 3434; x_wconf 72' lang='grc' dir='ltr'><strong><em>Ἐρχομενοῦ</em></strong></span> <span class='ocrx_word' id='word_1_198' title='bbox 372 3345 415 3422; x_wconf 91' lang='lat' dir='ltr'><strong>(in</strong></span> <span class='ocrx_word' id='word_1_199' title='bbox 434 3342 555 3422; x_wconf 84' lang='lat' dir='ltr'><strong>Olymp.</strong></span> <span class='ocrx_word' id='word_1_200' title='bbox 577 3361 650 3402; x_wconf 86' lang='lat' dir='ltr'>xrv.</span> <span class='ocrx_word' id='word_1_201' title='bbox 664 3346 707 3417; x_wconf 69' lang='lat'><strong>2.)</strong></span> <span class='ocrx_word' id='word_1_202' title='bbox 727 3347 755 3404; x_wconf 90' lang='lat' dir='ltr'><strong>in</strong></span> <span class='ocrx_word' id='word_1_203' title='bbox 804 3346 919 3422; x_wconf 89' lang='lat' dir='ltr'><strong>antiqua</strong></span> <span class='ocrx_word' id='word_1_204' title='bbox 951 3346 1050 3425; x_wconf 79' lang='lat' dir='ltr'><strong>lingua</strong></span> <span class='ocrx_word' id='word_1_205' title='bbox 1082 3348 1193 3407; x_wconf 82' lang='lat' dir='ltr'><strong>nottnisi</strong></span> <span class='ocrx_word' id='word_1_206' title='bbox 1223 3349 1380 3426; x_wconf 79' lang='lat' dir='ltr'><strong>ganitivum</strong></span> 
     </span>
     <span class='ocr_line' id='line_1_27' title="bbox 182 3441 1380 3520; baseline 0 -14"><span class='ocrx_word' id='word_1_207' title='bbox 182 3447 251 3506; x_wconf 88' lang='lat' dir='ltr'><strong>MS.</strong></span> <span class='ocrx_word' id='word_1_208' title='bbox 271 3443 405 3504; x_wconf 84' lang='lat' dir='ltr'><strong>Vatican.</strong></span> <span class='ocrx_word' id='word_1_209' title='bbox 426 3442 482 3517; x_wconf 75' lang='lat' dir='ltr'><strong>legi</strong></span> <span class='ocrx_word' id='word_1_210' title='bbox 503 3442 580 3501; x_wconf 89' lang='lat' dir='ltr'><strong>dicit.</strong></span> <span class='ocrx_word' id='word_1_211' title='bbox 616 3442 755 3506; x_wconf 84' lang='lat' dir='ltr'><strong>Miillcrus</strong></span> <span class='ocrx_word' id='word_1_212' title='bbox 803 3443 991 3518; x_wconf 85' lang='lat' dir='ltr'><strong>postpositum</strong></span> <span class='ocrx_word' id='word_1_213' title='bbox 1032 3461 1100 3502; x_wconf 72' lang='lat' dir='ltr'><strong>csse</strong></span> <span class='ocrx_word' id='word_1_214' title='bbox 1122 3441 1209 3520; x_wconf 76' lang='lat' dir='ltr'><strong>vulgo</strong></span> <span class='ocrx_word' id='word_1_215' title='bbox 1246 3443 1380 3506; x_wconf 75' lang='lat' dir='ltr'><strong>medius.</strong></span> 
     </span>
     <span class='ocr_line' id='line_1_28' title="bbox 179 3535 1381 3618; baseline -0.002 -17"><span class='ocrx_word' id='word_1_216' title='bbox 179 3539 385 3618; x_wconf 86' lang='lat' dir='ltr'><strong>(Gescbichten</strong></span> <span class='ocrx_word' id='word_1_217' title='bbox 408 3535 605 3596; x_wconf 85' lang='lat' dir='ltr'><strong>Helleniscber</strong></span> <span class='ocrx_word' id='word_1_218' title='bbox 628 3537 755 3598; x_wconf 72' lang='lat' dir='ltr'><strong>St&#39;dmme</strong></span> <span class='ocrx_word' id='word_1_219' title='bbox 805 3535 982 3596; x_wconf 74' lang='lat' dir='ltr'><strong>Hodiernum</strong></span> <span class='ocrx_word' id='word_1_220' title='bbox 1002 3547 1098 3598; x_wconf 80' lang='lat' dir='ltr'><strong>autem</strong></span> <span class='ocrx_word' id='word_1_221' title='bbox 1117 3537 1244 3613; x_wconf 79' lang='lat' dir='ltr'><strong>linguam</strong></span> <span class='ocrx_word' id='word_1_222' title='bbox 1264 3558 1284 3596; x_wconf 87' lang='lat' dir='ltr'><strong>a</strong></span> <span class='ocrx_word' id='word_1_223' title='bbox 1303 3549 1381 3598; x_wconf 77' lang='lat' dir='ltr'><strong>vsu·</strong></span> 
     </span>
     <span class='ocr_line' id='line_1_29' title="bbox 180 3632 1380 3709; baseline -0.004 -12"><span class='ocrx_word' id='word_1_224' title='bbox 180 3637 312 3698; x_wconf 78' lang='lat' dir='ltr'><strong>Tomi.</strong></span> <span class='ocrx_word' id='word_1_225' title='bbox 339 3654 365 3709; x_wconf 89' lang='lat' dir='ltr'><strong>p.</strong></span> <span class='ocrx_word' id='word_1_226' title='bbox 390 3640 458 3702; x_wconf 80' lang='lat'>129.</span> <span class='ocrx_word' id='word_1_227' title='bbox 481 3637 523 3708; x_wconf 89' lang='lat' dir='ltr'><strong>n.)</strong></span> <span class='ocrx_word' id='word_1_228' title='bbox 544 3633 754 3692; x_wconf 85' lang='lat' dir='ltr'><strong>Erebomeuum</strong></span> <span class='ocrx_word' id='word_1_229' title='bbox 805 3651 869 3692; x_wconf 88' lang='lat' dir='ltr'><strong>rum</strong></span> <span class='ocrx_word' id='word_1_230' title='bbox 904 3632 1000 3708; x_wconf 70' lang='lat' dir='ltr'><strong>lingua</strong></span> <span class='ocrx_word' id='word_1_231' title='bbox 1044 3633 1219 3692; x_wconf 74' lang='lat' dir='ltr'><strong>remaculari</strong></span> <span class='ocrx_word' id='word_1_232' title='bbox 1258 3633 1380 3692; x_wconf 85' lang='lat' dir='ltr'><strong>derivari</strong></span> 
     </span>
     <span class='ocr_line' id='line_1_30' title="bbox 181 3727 1382 3812; baseline -0.006 -18"><span class='ocrx_word' id='word_1_233' title='bbox 181 3755 232 3812; x_wconf 93' lang='lat' dir='ltr'><strong>pro</strong></span> <span class='ocrx_word' id='word_1_234' title='bbox 252 3733 368 3807; x_wconf 85' lang='lat' dir='ltr'><strong>antiqua</strong></span> <span class='ocrx_word' id='word_1_235' title='bbox 387 3729 480 3790; x_wconf 83' lang='lat' dir='ltr'><strong>forma</strong></span> <span class='ocrx_word' id='word_1_236' title='bbox 500 3730 592 3787; x_wconf 88' lang='lat' dir='ltr'><strong>habet.</strong></span> <span class='ocrx_word' id='word_1_237' title='bbox 805 3727 936 3790; x_wconf 82' lang='lat' dir='ltr'><strong>credibile</strong></span> <span class='ocrx_word' id='word_1_238' title='bbox 947 3799 950 3804; x_wconf 68' lang='lat'><em>,</em></span> <span class='ocrx_word' id='word_1_239' title='bbox 962 3741 1015 3801; x_wconf 89' lang='lat' dir='ltr'><strong>est,</strong></span> <span class='ocrx_word' id='word_1_240' title='bbox 1039 3749 1125 3808; x_wconf 83' lang='lat' dir='ltr'><strong>quam</strong></span> <span class='ocrx_word' id='word_1_241' title='bbox 1149 3730 1288 3806; x_wconf 83' lang='lat' dir='ltr'><strong>praecipue</strong></span> <span class='ocrx_word' id='word_1_242' title='bbox 1313 3729 1382 3788; x_wconf 83' lang='lat' dir='ltr'><strong>AEo·</strong></span> 
     </span>
     <span class='ocr_line' id='line_1_31' title="bbox 220 3822 1379 3908; baseline -0.003 -23"><span class='ocrx_word' id='word_1_243' title='bbox 220 3823 493 3908; x_wconf 61' lang='grc' dir='ltr'><strong>’μανὰ-κράτη.</strong></span> <span class='ocrx_word' id='word_1_244' title='bbox 535 3823 661 3892; x_wconf 81' lang='lat' dir='ltr'><strong>Etataeae,</strong></span> <span class='ocrx_word' id='word_1_245' title='bbox 675 3823 757 3882; x_wconf 84' lang='lat' dir='ltr'><strong>utvi·</strong></span> <span class='ocrx_word' id='word_1_246' title='bbox 806 3825 893 3884; x_wconf 87' lang='lat' dir='ltr'><strong>licam</strong></span> <span class='ocrx_word' id='word_1_247' title='bbox 915 3843 977 3884; x_wconf 78' lang='lat' dir='ltr'><strong>casu</strong></span> <span class='ocrx_word' id='word_1_248' title='bbox 1003 3825 1053 3884; x_wconf 86' lang='lat' dir='ltr'><strong>vix</strong></span> <span class='ocrx_word' id='word_1_249' title='bbox 1078 3825 1195 3884; x_wconf 88' lang='lat' dir='ltr'><strong>dubium</strong></span> <span class='ocrx_word' id='word_1_250' title='bbox 1222 3833 1276 3885; x_wconf 78' lang='lat' dir='ltr'><strong>cst.</strong></span> <span class='ocrx_word' id='word_1_251' title='bbox 1322 3822 1379 3881; x_wconf 85' lang='lat' dir='ltr'><strong>Hic</strong></span> 
     </span>
     <span class='ocr_line' id='line_1_32' title="bbox 117 3916 1380 4001; baseline -0.003 -18"><span class='ocrx_word' id='word_1_252' title='bbox 117 3917 122 3927; x_wconf 59' lang='grc'><strong>“</strong></span> <span class='ocrx_word' id='word_1_253' title='bbox 181 3925 272 3994; x_wconf 84' lang='lat' dir='ltr'><strong>detur,</strong></span> <span class='ocrx_word' id='word_1_254' title='bbox 292 3921 358 3980; x_wconf 91' lang='lat' dir='ltr'><strong>anni</strong></span> <span class='ocrx_word' id='word_1_255' title='bbox 371 3920 598 3986; x_wconf 85' lang='lat' dir='ltr'><strong>initiumduobus</strong></span> <span class='ocrx_word' id='word_1_256' title='bbox 612 3919 754 3979; x_wconf 79' lang='lat' dir='ltr'><strong>messibus</strong></span> <span class='ocrx_word' id='word_1_257' title='bbox 805 3929 900 3980; x_wconf 82' lang='lat' dir='ltr'><strong>autem</strong></span> <span class='ocrx_word' id='word_1_258' title='bbox 921 3921 1111 3997; x_wconf 67' lang='lat' dir='ltr'><strong>praepositioni</strong></span> <span class='ocrx_word' id='word_1_259' title='bbox 1134 3921 1216 4001; x_wconf 70' lang='lat' dir='ltr'><strong>sopri</strong></span> <span class='ocrx_word' id='word_1_260' title='bbox 1240 3916 1380 3979; x_wconf 62' lang='lat' dir='ltr'><strong>acrumi-</strong></span> 
     </span>
     <span class='ocr_line' id='line_1_33' title="bbox 125 4015 1381 4100; baseline -0.004 -24"><span class='ocrx_word' id='word_1_261' title='bbox 125 4048 130 4056; x_wconf 78' lang='lat'>=</span> <span class='ocrx_word' id='word_1_262' title='bbox 181 4037 266 4100; x_wconf 85' lang='lat' dir='ltr'><strong>quam</strong></span> <span class='ocrx_word' id='word_1_263' title='bbox 282 4017 456 4076; x_wconf 84' lang='lat' dir='ltr'><strong>Orchomani</strong></span> <span class='ocrx_word' id='word_1_264' title='bbox 469 4015 607 4073; x_wconf 87' lang='lat' dir='ltr'><strong>maturius</strong></span> <span class='ocrx_word' id='word_1_265' title='bbox 620 4027 690 4074; x_wconf 88' lang='lat' dir='ltr'><strong>erat.</strong></span> <span class='ocrx_word' id='word_1_266' title='bbox 806 4037 876 4076; x_wconf 88' lang='lat' dir='ltr'><strong>vam</strong></span> <span class='ocrx_word' id='word_1_267' title='bbox 897 4019 1054 4095; x_wconf 87' lang='lat' dir='ltr'><strong>subjectum</strong></span> <span class='ocrx_word' id='word_1_268' title='bbox 1072 4018 1209 4076; x_wconf 81' lang='lat' dir='ltr'><strong>videmus.</strong></span> <span class='ocrx_word' id='word_1_269' title='bbox 1251 4015 1286 4074; x_wconf 89' lang='lat' dir='ltr'><strong>ln</strong></span> <span class='ocrx_word' id='word_1_270' title='bbox 1300 4031 1381 4088; x_wconf 86' lang='lat' dir='ltr'><strong>sups-</strong></span> 
     </span>
     <span class='ocr_line' id='line_1_34' title="bbox 222 4107 1381 4188; baseline -0.002 -18"><span class='ocrx_word' id='word_1_271' title='bbox 222 4111 407 4183; x_wconf 67' lang='lat' dir='ltr'><strong>⁵i²litoroio</strong></span> <span class='ocrx_word' id='word_1_272' title='bbox 434 4110 574 4169; x_wconf 76' lang='lat' dir='ltr'><strong>Dobraeus</strong></span> <span class='ocrx_word' id='word_1_273' title='bbox 596 4130 648 4188; x_wconf 86' lang='lat' dir='ltr'><strong>pro</strong></span> <span class='ocrx_word' id='word_1_274' title='bbox 670 4110 756 4170; x_wconf 76' lang='grc' dir='ltr'>Ἐλα·</span> <span class='ocrx_word' id='word_1_275' title='bbox 805 4114 922 4173; x_wconf 84' lang='lat' dir='ltr'><strong>rioribus</strong></span> <span class='ocrx_word' id='word_1_276' title='bbox 940 4115 1120 4174; x_wconf 87' lang='lat' dir='ltr'><strong>accusativus</strong></span> <span class='ocrx_word' id='word_1_277' title='bbox 1138 4113 1229 4171; x_wconf 87' lang='lat' dir='ltr'><strong>eidem</strong></span> <span class='ocrx_word' id='word_1_278' title='bbox 1247 4107 1381 4187; x_wconf 78' lang='lat' dir='ltr'><strong>praepoei·</strong></span> 
     </span>
     <span class='ocr_line' id='line_1_35' title="bbox 183 4205 1381 4286; baseline 0 -21"><span class='ocrx_word' id='word_1_279' title='bbox 183 4205 401 4285; x_wconf 74' lang='lat' dir='ltr'><strong>rnaipaccipit,</strong></span> <span class='ocrx_word' id='word_1_280' title='bbox 424 4206 582 4283; x_wconf 80' lang='lat' dir='ltr'><strong>Digamma</strong></span> <span class='ocrx_word' id='word_1_281' title='bbox 594 4225 635 4266; x_wconf 89' lang='lat' dir='ltr'><strong>sc.</strong></span> <span class='ocrx_word' id='word_1_282' title='bbox 650 4223 757 4281; x_wconf 85' lang='lat' dir='ltr'><strong>praepo·</strong></span> <span class='ocrx_word' id='word_1_283' title='bbox 806 4207 873 4268; x_wconf 86' lang='lat' dir='ltr'><strong>tioni</strong></span> <span class='ocrx_word' id='word_1_284' title='bbox 892 4207 1038 4286; x_wconf 83' lang='lat' dir='ltr'><strong>subjicitur</strong></span> <span class='ocrx_word' id='word_1_285' title='bbox 1063 4209 1121 4267; x_wconf 39' lang='lat' dir='ltr'><strong>uhts</strong></span> <span class='ocrx_word' id='word_1_286' title='bbox 1132 4205 1261 4266; x_wconf 82' lang='lat' dir='ltr'><strong>dativum</strong></span> <span class='ocrx_word' id='word_1_287' title='bbox 1279 4221 1381 4280; x_wconf 75' lang='lat' dir='ltr'><strong>cxpec-</strong></span> 
     </span>
     <span class='ocr_line' id='line_1_36' title="bbox 182 4303 889 4380; baseline 0.003 -20"><span class='ocrx_word' id='word_1_288' title='bbox 182 4303 243 4376; x_wconf 67' lang='lat' dir='ltr'><strong>Slio,</strong></span> <span class='ocrx_word' id='word_1_289' title='bbox 264 4303 355 4362; x_wconf 75' lang='lat' dir='ltr'><strong>vocali</strong></span> <span class='ocrx_word' id='word_1_290' title='bbox 374 4333 382 4362; x_wconf 87' lang='lat' dir='ltr'>s</span> <span class='ocrx_word' id='word_1_291' title='bbox 403 4323 453 4380; x_wconf 78' lang='lat' dir='ltr'><strong>pro</strong></span> <span class='ocrx_word' id='word_1_292' title='bbox 478 4329 511 4375; x_wconf 80' lang='grc' dir='ltr'><strong>ει,</strong></span> <span class='ocrx_word' id='word_1_293' title='bbox 534 4329 550 4372; x_wconf 82' lang='grc' dir='ltr'><strong><em>η</em></strong></span> <span class='ocrx_word' id='word_1_294' title='bbox 572 4321 623 4379; x_wconf 78' lang='lat' dir='ltr'><strong>pro</strong></span> <span class='ocrx_word' id='word_1_295' title='bbox 643 4328 670 4362; x_wconf 82' lang='grc' dir='ltr'><strong>αι</strong></span> <span class='ocrx_word' id='word_1_296' title='bbox 692 4316 721 4364; x_wconf 70' lang='lat' dir='ltr'><strong>ei</strong></span> <span class='ocrx_word' id='word_1_297' title='bbox 741 4332 755 4362; x_wconf 90' lang='grc' dir='ltr'><strong><em>ν</em></strong></span> <span class='ocrx_word' id='word_1_298' title='bbox 806 4316 889 4364; x_wconf 66' lang='lat' dir='ltr'><strong>itm.</strong></span> 
     </span>
    </p>
   </div>
   <div class='ocr_carea' id='block_1_8' title="bbox 0 0 1616 5100">
    <p class='ocr_par' dir='ltr' id='par_1_11' title="bbox 0 0 1616 5100">
     <span class='ocr_line' id='line_1_37' title="bbox 0 0 1616 5100; baseline 0 0"><span class='ocrx_word' id='word_1_299' title='bbox 0 0 1616 5100; x_wconf 95' lang='lat' dir='ltr'><strong> </strong></span> 
     </span>
    </p>
   </div>
  </div>
 </body>
</html>
