3176 5094
235 341 284 413 xli
665 377 998 430 rnouaaosraut.

237 519 436 603 Helleuum
467 525 618 621 primam
654 535 790 622 sedem,
823 535 1014 624 Cadmum,
1050 537 1173 611 literas
1206 540 1358 614 Graecas
1391 541 1438 612 ab

220 659 406 732 ⁴l'rlvandro
436 660 475 732 in
503 661 642 736 ltaliam
670 669 839 741 advectas
852 670 876 756 ¹,
904 671 972 742 dre.
992 671 1064 742 duc.
1097 679 1327 765 praeteream,
1354 670 1439 744 satis

235 811 427 863 excusasse
466 815 586 887 spero.
649 793 721 866 Sed
762 795 812 868 ita
851 796 1060 868 faciendum
1097 807 1184 872 ante
1225 821 1283 870 me
1315 798 1438 872 videre

201 897 203 900 ⁵
236 919 408 995 Maffeius
437 933 474 994 et
503 923 549 994 R..
568 924 611 996 P.
630 920 829 1024 linight,e
860 951 1013 1023 quorum
1043 941 1200 1022 utroque
1228 953 1346 1024 [auca
1373 953 1435 1002 ex-

234 1053 398 1127 scribam.

189 1233 195 1241 -
312 1183 368 1257 lta
385 1209 434 1258 sc.
461 1188 507 1258 de
529 1189 598 1260 hac
623 1211 664 1260 re
686 1187 847 1285 loquitur
864 1189 1123 1262 illustrissimus
1147 1191 1205 1264 ille
1222 1200 1334 1288 atque
1351 1193 1434 1264 doc-

233 1315 390 1390 tissimus
413 1317 582 1393 Marchio
607 1319 737 1414 Scipio.
757 1319 960 1392 Malleius.²
1003 1329 1027 1358 “
1044 1321 1296 1394 Indubitatum
1315 1322 1434 1417 primo

234 1457 301 1536 cst,
319 1449 500 1524 scribendi
521 1474 624 1522 usum
644 1473 688 1522 eo
706 1475 782 1524 aevo
800 1452 984 1547 accepisse
1000 1453 1165 1540 Graecos,
1185 1454 1283 1549 quod
1301 1455 1434 1528 obscu-

232 1605 326 1670 rum,
352 1607 417 1654 seu
444 1580 650 1678 Mythicum
680 1583 962 1678 appellavimus:
1003 1607 1085 1654 cum
1117 1564 1256 1658 autem*
1275 1584 1432 1684 singula,

232 1735 315 1808 quae
331 1711 391 1784 illa
409 1711 580 1805 temporis
598 1696 747 1806 periodo
775 1713 1023 1811 contigerunt,
1051 1714 1106 1786 vel
1124 1737 1272 1809 prorsus
1295 1717 1434 1790 incom-

230 1851 344 1939 perta,
378 1842 434 1916 vel
469 1842 650 1914 sexcentis
686 1843 817 1916 fabulis
847 1845 1054 1916 intermixta
1087 1842 1293 1929 dixerimus,
1324 1859 1434 1944 atque

231 1972 403 2059 involuta,
431 1971 513 2068 quis
532 1973 577 2045 de
601 1974 850 2045 characterum
869 1974 1114 2068 susceptione,
1140 1975 1246 2046 aede
1263 1975 1434 2069 primaevs

232 2125 357 2174 eorum
375 2102 494 2175 lorum
515 2113 587 2175 tam
605 2100 766 2186 definite,
790 2113 902 2197 atque
919 2113 1146 2174 asservanter
1162 2103 1283 2200 eloqui
1301 2105 1434 2200 possit?

230 2229 335 2303 Nihil
358 2232 396 2302 in
424 2233 494 2302 hoc
519 2231 704 2330 proposito
728 2232 843 2328 magis
870 2242 1070 2327 receptum,
1097 2245 1206 2330 atque
1235 2234 1430 2309 universim

229 2367 478 2448 constitutum,
509 2388 620 2462 quam
653 2364 790 2437 Graecis
825 2363 1057 2438 Pboeuicium
1090 2365 1267 2440 Cadmum
1303 2369 1427 2444 literas

227 2497 344 2592 primo
366 2495 562 2570 adtulisse:
593 2506 631 2567 at
654 2517 857 2593 anonymus
875 2495 1013 2566 Auctor
1034 2495 1221 2592 praeclaroe‘
1243 2497 1428 2602 Disserta-

228 2628 338 2701 tionis
371 2628 407 2698 in
440 2627 540 2699 calce
570 2625 857 2724 Palaeograpbiae
891 2626 1079 2698 contendit
1116 2625 1262 2722 optimis
1298 2628 1430 2704 tabulis

230 2757 409 2855 (quamvis
439 2759 652 2831 adversante
680 2757 891 2847 Herodoto)
926 2768 966 2830 ut
996 2759 1173 2843 ostendat,
1204 2755 1316 2854 longe
1344 2769 1430 2832 ante

229 2891 419 2976 Cadmum,
451 2913 518 2962 nec
545 2887 778 2966 Deucalionis
801 2898 953 2971 tantum,
983 2891 1048 2960 sed
1078 2899 1116 2960 et
1143 2888 1327 2960 Pborouei
1351 2915 1430 2964 aevo

228 3022 442 3116 scripturam
458 3019 621 3118 Pelasgis
626 3021 704 3118 jam
719 3013 931 3092 innotuis'se.
958 3019 1093 3091 lonicae
1107 3019 1234 3092 literae³
1245 3027 1427 3117 tamquam

228 3155 439 3226 Graecarum
458 3151 717 3249 antiquissimae
733 3149 922 3246 praedicari
940 3151 1075 3233 solent;
1104 3162 1141 3224 at
1159 3151 1429 3228 Demosthenes

228 3286 349 3382 legem
366 3287 445 3383 jam
464 3294 538 3354 tum
557 3283 785 3355 veterrimam
809 3307 1025 3369 memorans,
1053 3293 1227 3356 servatam
1247 3288 1427 3381 usquead

230 3435 310 3484 eam
330 3410 424 3482 diem
451 3411 654 3482 columnam
674 3409 761 3482 dicit
785 3408 916 3482 Atticis
941 3410 1056 3483 eaesis
1082 3411 1198 3484 literis
1218 3422 1424 3500 exaratam

230 3545 250 3628 si
278 3543 392 3628 στήλη
422 3539 475 3613 ἔτι
505 3545 557 3614 καὶ
588 3549 640 3615 νῦν
673 3539 814 3627 ἔστηκεν
841 3538 993 3638 ἀμυδροῖς
1021 3541 1221 3638 γράμμασιν
1249 3543 1427 3624 Ἀττικοῖς;

230 3685 267 3746 et
292 3673 438 3749 Atticas
463 3673 591 3746 literas
614 3673 707 3745 idern
735 3671 889 3746 valuisse
911 3695 955 3744 ac
981 3671 1128 3766 priscas,
1155 3671 1424 3767 Harpocration

229 3807 347 3884 docet.
392 3805 552 3879 Diffusus
574 3805 824 3902 predictorum
847 3777 901 3875 rei
923 3802 1089 3875 literariae
1113 3825 1302 3897 procerum
1327 3827 1425 3876 corn·

272 4056 348 4118 ¹Cl.
379 4055 501 4114 Salmas.
528 4054 563 4111 ad
598 4053 703 4110 Herod.
736 4054 799 4110 Att.
849 4053 973 4126 pm.)
994 4049 1088 4106 literas
1112 4048 1223 4106 lonicas
1246 4049 1335 4105 dictas
1362 4067 1424 4107 esse

230 4155 318 4212 lnscr.
338 4171 366 4226 p.
382 4157 450 4216 227.
468 4149 562 4224 <Paris
576 4146 675 4220 1619.)
849 4153 930 4218 putat
943 4163 960 4201 a
973 4143 1138 4202 Callistrato
1154 4143 1251 4201 Samio
1261 4143 1307 4218 qui
1327 4142 1423 4202 literas

269 4247 281 4278 ¹
302 4247 383 4303 Matr.
397 4246 429 4301 de
444 4247 509 4302 Art.
524 4243 595 4302 crit.
609 4243 679 4317 Lap.
700 4239 797 4300 libili.
849 4239 968 4296 novitias
988 4237 1016 4296 in
1040 4257 1126 4297 unum
1146 4256 1246 4314 corpus
1262 4257 1327 4296 cum
1346 4257 1422 4300 xvi.

205 4403 208 4410 ,
229 4359 291 4417 cap.
308 4349 337 4400 1.
358 4339 430 4398 Can.
445 4338 483 4395 ll.
504 4359 532 4418 p.
546 4334 597 4396 65.
849 4335 984 4408 prioribus
998 4335 1112 4412 redegit.
1155 4335 1257 4392 Samus
1270 4335 1346 4394 enim
1366 4354 1422 4394 una

267 4435 278 4467 ¹
300 4433 455 4494 Salmasius
465 4434 512 4509 (ad
522 4431 628 4489 Hemd.
641 4429 797 4488 Auitum.
848 4439 908 4486 erat
918 4448 953 4486 ex
968 4430 1068 4488 lonicis
1083 4430 1205 4488 urbibus.
