3204 5104
591 418 940 472 rnormoomcrrr.
1272 400 1357 474 lxvii

158 573 330 669 princeps
347 584 406 647 est
432 572 659 650 Paciaudius.
703 579 842 654 Omnes
866 581 903 654 in
924 583 1086 656 minutiis
1106 584 1236 679 prolixi
1260 595 1357 670 sunt,
1422 547 1426 555 Ι

158 715 271 800 atque
288 705 353 780 ubi
372 729 446 778 una
471 707 605 804 pagiua
628 734 719 806 opus
736 724 806 799 est,
831 715 958 798 decem
988 713 1144 789 illinunt.
1186 717 1355 788 Attamen

160 861 203 910 ea
240 849 300 910 est
332 838 497 910 doctrina
530 838 759 928 Paciaudius,
793 853 833 915 ut
858 865 965 916 nemo
991 843 1067 916 fere
1093 867 1139 918 cx
1163 847 1242 944 ejus
1266 844 1359 918 libro

163 967 331 1040 nonnihil
357 989 430 1039 non
457 967 630 1041 addiscat.

234 1093 312 1166 Sed
342 1094 381 1166 in
407 1094 513 1167 Italia
539 1095 739 1169 nobiliaco
767 1097 998 1192 Antiquariae
1026 1097 1225 1193 disciplinae
1255 1097 1360 1192 cupi·

163 1219 256 1292 ditas
283 1221 382 1294 inest
407 1232 447 1293 ut
471 1219 683 1294 omniafere
704 1223 941 1318 magnaurbs
965 1247 1039 1295 non
1057 1233 1198 1296 tantum
1224 1221 1359 1295 Museo

163 1360 326 1436 ametur,
355 1352 417 1424 sed
451 1351 560 1424 etiam
593 1373 685 1446 opus
712 1373 889 1424 marmora
913 1352 1035 1425 omnia
1060 1351 1097 1422 in
1130 1351 1264 1426 Museo
1293 1373 1359 1422 suo

163 1477 411 1574 complectens
439 1479 611 1552 emiserit.
674 1479 726 1578 'Et
752 1491 929 1574 praeterea
965 1480 1032 1553 viri
1070 1477 1204 1552 eruditi
1233 1499 1360 1550 monu-

165 1617 287 1680 menta
324 1631 543 1706 congessere
574 1608 708 1703 quibus
746 1607 986 1680 illustraretur
1021 1618 1182 1681 veterum
1216 1604 1359 1678 urbium

166 1739 327 1812 historia.
378 1739 436 1810 Ex
461 1749 616 1834 utroque
640 1761 732 1835 ergo
748 1761 888 1836 genere
916 1738 1069 1834 plurima
1086 1761 1198 1834 opem
1223 1745 1360 1810 extant.

166 1867 221 1938 Ita
265 1867 450 1942 Sertorius
500 1868 654 1944 Ursulus
703 1867 947 1942 Monumenta
986 1869 1182 1943 Patavina¹
1236 1868 1360 1956 edidit,

167 1995 311 2087 (Pater.
334 1994 461 2086 1642.)
507 1999 715 2072 Morisanus
733 1999 990 2094 Inscriptiones
1004 1999 1205 2096 Rheginas,
1224 1999 1360 2072 Rirau-

166 2124 249 2198 tella
272 2137 311 2196 et
335 2126 524 2212 Ricolvius
543 2127 728 2200 Marmora
748 2127 992 2202 Taurinensia
1012 2130 1183 2225 (August.
1202 2125 1360 2200 Tauria.

170 2255 296 2344 1743.)
331 2255 429 2327 Μ.
444 2256 640 2328 Zacharias
664 2257 851 2330 Marmora
876 2257 1098 2337 Salonitana,
1126 2255 1314 2351 Philippus
1338 2279 1362 2327 a

165 2385 290 2460 'l'urre
317 2385 562 2460 Monumenta
579 2390 710 2462 veteris
730 2388 843 2474 Antii,
870 2397 909 2460 et
926 2387 1174 2483 Antiquitates
1197 2386 1362 2483 Aquilei-

165 2537 282 2601 enses,
311 2513 369 2586 De
387 2515 471 2586 Vita
489 2515 732 2612 Antiquitates
762 2514 1044 2600 Beneventinas,
1075 2515 1257 2589 Bertolius
1282 2516 1360 2589 An-

165 2642 227 2739 tiq.
262 2643 518 2738 Aquileienses
550 2643 676 2742 lingua
710 2644 835 2716 Italica
867 2642 1145 2736 (Ven.1739.l,
1181 2645 1361 2721 Malvesia

166 2774 353 2848 Marmora
380 2775 549 2846 Felsinea
571 2774 723 2867 (Boron.
757 2772 896 2866 1690.),
923 2775 1059 2848 Gorius
1098 2776 1359 2872 Inscriptiones

165 2897 315 2972 Grmcas
331 2907 369 2970 et
382 2897 567 2970 Romanas
584 2897 621 2970 in
635 2897 793 2970 Etruria
810 2898 961 2971 urbibus
980 2907 1158 2986 extantes,
1176 2898 1358 2992 (Florent.

168 3030 566 3120 1727.1734.1743.)‚
592 3027 765 3102 Norisius
791 3027 1019 3124 Cenotapbia
1042 3027 1176 3102 Pisana
1188 3029 1216 3100 ².
1268 3028 1358 3104 Pro·

162 3161 261 3234 diere
278 3182 426 3254 quoque
446 3157 616 3232 Museum
637 3157 761 3230 Pisan.
780 3168 818 3231 et
833 3159 991 3245 Curram,
1011 3156 1215 3230 Florentio.
1236 3157 1354 3250 (Flor.

165 3287 593 3383 1731.),lnacriptiones
626 3288 751 3360 Musei
783 3288 991 3384 Capitolini,
1026 3313 1113 3362 cura
1146 3287 1294 3376 Guasci,
1319 3299 1357 3362 et
1444 3295 1449 3302 '

162 3419 339 3492 viscontii
366 3441 465 3504 cura,
492 3418 724 3516 magnificum
747 3442 834 3493 vere
855 3443 957 3515 opus,
986 3419 1157 3507 Muscam
1193 3417 1356 3523 Pio-Cle·

161 3548 399 3635 mentinum³,
426 3548 489 3620 sed
523 3571 720 3643 perpaucas
751 3549 1001 3644 inscriptiones
1029 3571 1097 3620 nec
1129 3547 1205 3620 illas
1232 3546 1356 3642 magni

163 3675 339 3748 momenti
365 3675 565 3746 continens.
618 3673 714 3746 Haec
743 3676 866 3747 omnia
888 3697 999 3770 opera
1022 3674 1171 3746 latinas
1198 3675 1354 3769 plerum·

164 3829 236 3903 que
270 3803 538 3899 inscriptiones,
568 3811 605 3876 et
636 3801 835 3901 pei-paucas
868 3805 1017 3878 Graecas
1051 3802 1237 3882 exhibent.
1290 3803 1354 3875 ln-

199 4025 209 4057 ¹
230 4027 354 4086 Ursatus
366 4025 441 4084 aliud
459 4044 528 4101 opus
549 4025 733 4100 deinscripti-
783 4045 868 4100 opera
879 4025 1003 4102 excipias
1015 4027 1061 4084 vel
1080 4027 1109 4084 in
1129 4025 1230 4086 Museo
1244 4027 1355 4088 Britan-

161 4123 255 4182 ombus
291 4121 431 4179 '‘Marmi
457 4121 591 4179 Emditi”
623 4121 733 4179 Patavii
782 4123 845 4180 niro
857 4129 965 4181 extant.

162 4213 374 4292 (Α.υ.1659.)
395 4216 488 4273 edidit.
821 4213 888 4272 'ln
916 4215 995 4274 Gorii
1016 4231 1099 4288 opere
1117 4215 1240 4273 “Musei
1263 4213 1355 4272 Guar-

782 4327 862 4370 nacc.
903 4309 1033 4366 Manum.
1070 4305 1231 4366 illustrata¹⁶
1263 4307 1350 4383 (Flor.

200 4403 210 4435 ¹
229 4405 276 4465 Ex
287 4407 334 4465 bis
347 4403 536 4465 omnibusvix
548 4403 602 4463 duo
615 4402 639 4464 si
652 4401 733 4464 Gorii
784 4401 887 4480 1744.)
908 4419 963 4458 non
983 4399 1036 4458 nisi
1057 4399 1178 4457 Etrusca
1196 4397 1299 4454 insunt.
