3158 5104
174 345 299 412 [nsua.
324 343 366 422 1.]
664 353 667 361 '
765 355 835 428 109

170 513 217 582 nd
249 513 395 587 Helices
430 526 467 586 et
497 516 543 587 ad
583 516 785 590 Phoenicen
828 515 941 591 missis
975 517 1096 594 forsan
1134 521 1360 616 praefuerint,

169 652 280 736 atque
298 644 393 716 inter
409 642 558 716 tribules
571 640 777 741 Ἐρεχθειδος
791 655 1079 734 numerarentur,
1130 647 1195 720 Vel
1212 651 1357 734 Ducum

169 792 213 840 ee
256 769 405 842 nomina
447 773 629 844 censenda
663 754 747 866 quire
782 793 908 844 vocem
949 781 1162 869 Στρατηγων
1197 780 1358 873 proxime

167 909 372 992 sequuntur
397 911 437 972 ut
461 908 586 994 postea
609 921 721 996 prope
748 899 855 970 finem
879 899 1118 998 Epigraphes.

617 1037 916 1121 asarmot

618 1138 922 1226 eusrurrror

426 1237 768 1326 arroensium

242 1373 363 1450 Verba
398 1370 624 1469 Epigraphes
658 1398 680 1444 a
716 1397 755 1444 se
790 1373 944 1464 invicem
983 1387 1206 1471 separantur,
1241 1381 1355 1455 tribus
1425 1403 1430 1416 ·

165 1505 307 1600 punctis
329 1501 560 1598 interpositis,
587 1503 691 1600 cujus
717 1503 769 1574 rei
793 1503 961 1598 exempla
982 1505 1147 1604 praebent
1170 1493 1356 1607 inscriptio

166 1634 290 1730 Sigea,
335 1631 424 1703 Elea
469 1632 620 1718 Rhene,
659 1631 813 1728 aliaeque
860 1631 1070 1727 complures.
1141 1635 1355 1733 Praepositio

163 1776 283 1838 sutem
314 1787 338 1834 a
365 1785 449 1835 casu
479 1783 588 1856 quem
620 1761 715 1860 regit
743 1786 927 1857 nunquam
957 1764 1188 1861 disjungitur.
1233 1769 1289 1840 Ita
1316 1745 1368 1842 in*

165 1891 346 1986 Delphico
390 1888 512 1982 lapide
558 1912 665 1997 quem
717 1913 824 1984 supra
873 1889 1032 1986 exhibui,
1074 1865 1352 1972 ⁸Boronoxg

164 2013 567 2085 ΕΧΣΕΡΧΟΜΕΝΟΥ.

238 2137 347 2226 Quod
381 2133 528 2206 nomina
558 2133 697 2220 attinet,
727 2155 865 2206 summe
896 2155 984 2204 cura
1016 2135 1138 2206 omnin
1173 2140 1355 2235 exscripsi.

162 2243 581 2362 Maffeiiapogruphum
604 2260 699 2333 inter
716 2259 815 2357 prius
840 2261 938 2332 edita
964 2261 1140 2356 optimum
1167 2276 1223 2336 est
1240 2271 1301 2338 sed
1320 2281 1357 2341 et

161 2396 250 2468 iilud
268 2393 376 2465 foedis
395 2390 533 2462 mendis
552 2413 768 2485 respersum,
796 2411 880 2484 quae
903 2397 1024 2461 tamen
1047 2388 1197 2464 hicnon
1222 2397 1355 2485 notavi,

161 2547 244 2595 cnm
272 2522 309 2592 io
348 2543 525 2591 marmore
555 2518 674 2590 omnia
708 2517 792 2589 satis
823 2518 896 2589 sint
926 2517 1063 2614 liquida
1102 2532 1211 2618 atque
1242 2528 1355 2600 mnni-

162 2653 265 2723 festn.
315 2647 595 2721 Memorandnm
628 2647 781 2733 videtur,
812 2646 935 2719 literas
965 2647 1061 2720 haud
1091 2651 1216 2724 endem
1241 2621 1357 2732 forma

162 2779 299 2871 ubique
317 2775 356 2850 in
377 2796 552 2848 marmore
571 2773 675 2862 effici.
719 2771 813 2845 Vere
831 2775 877 2864 de
894 2770 1043 2847 literae
1066 2771 1355 2852 Barthelemius¹

164 2915 191 2944 “
202 2905 257 2977 Ce
275 2905 362 3002 qu'il
379 2931 401 3001 y
417 2929 438 2976 n
457 2907 503 2975 de
521 2903 660 2976 certain
692 2912 780 2974 c'ert
798 2903 920 3000 quale
938 2903 1023 2974 Rho
1040 2926 1128 2974 avec
1144 2904 1179 2974 la
1196 2903 1268 2977 tete
1291 2933 1357 2980 an-

160 3040 316 3139 gulaire,
341 3048 379 3111 et
408 3036 442 3108 la
469 3039 580 3132 petite
612 3059 744 3132 queue,
770 3059 809 3124 re
844 3045 969 3107 trouve
1003 3035 1165 3131 toujoura
1200 3041 1290 3114 dans
1322 3044 1356 3116 la

160 3163 341 3262 premiere
375 3160 587 3257 inscription
620 3161 665 3232 de
699 3158 863 3246 Nointel,
898 3159 943 3230 de
970 3159 1042 3229 l’an
1079 3169 1165 3249 457,
1205 3167 1357 3263 excepte

161 3299 253 3374 dans
280 3295 333 3365 les
362 3291 545 3364 dernieres
572 3291 691 3388 lignes
721 3292 767 3362 de
788 3291 831 3394 'la
858 3289 1036 3384 premiere
1066 3292 1231 3381 colonne,
1258 3297 1357 3371 onii

160 3423 278 3521 paroit
307 3446 390 3494 sous
422 3431 516 3492 cette
550 3421 665 3492 forme
700 3418 725 3483 Ρ
755 3423 843 3492 dans
875 3421 928 3492 les
961 3430 1050 3492 mota
1084 3427 1284 3498 ΤΑΥΡΟΣ
1317 3440 1355 3500 et

160 3558 397 3632 §Wuozr’
450 3550 571 3622 Hodie
598 3550 743 3656 quidem
770 3549 807 3620 in
835 3549 900 3620 iliis
927 3548 1076 3621 vocibus
1099 3554 1214 3622 cnudo
1236 3549 1352 3628 literae

162 3691 188 3762 Ρ
235 3681 467 3778 conspicitur,
514 3683 611 3778 quod
656 3681 838 3775 quomodo
891 3678 1057 3752 effectum
1107 3679 1153 3751 sit
1196 3683 1353 3778 explicat

161 3815 388 3892 Dacierius’.
440 3815 534 3887 “En
562 3824 754 3910 marquant
780 3814 825 3884 de
853 3836 969 3909 rouge
995 3813 1047 3884 les
1076 3813 1278 3888 caracteres
1306 3821 1351 3891 de

160 3959 253 4022 cette
296 3943 522 4042 inscription,
558 3941 682 4042 placeo
725 3967 771 4019 au
816 3941 948 4015 Muses
987 3941 1198 4041 Napoieon,
1236 3971 1284 4021 on
1330 3977 1352 4023 a

160 4081 279 4152 donne
312 4103 334 4149 a
368 4087 440 4149 tort
469 4077 504 4148 la
537 4077 652 4149 forme
684 4077 707 4138 Ρ
737 4071 784 4146 au
812 4075 897 4146 Rho
927 4077 1017 4146 dans
1042 4073 1076 4146 le
1103 4087 1177 4150 mot
1198 4086 1349 4177 Tarpam

198 4313 320 4370 'Meum
354 4313 389 4369 de
419 4312 530 4371 l'Acad.
558 4315 606 4372 des
640 4315 728 4372 Inter.
820 4309 1136 4385 'lbid.p.162.Not.

158 4405 240 4467 Tum.
257 4422 366 4466 xnvn.
386 4426 416 4482 p.
432 4403 500 4466 161.
