3204 5104
773 385 821 444 44
1185 383 1329 468 [Caesa.
1354 387 1404 454 ll.

204 549 373 636 doctioris
390 581 496 656 quam
516 568 556 630 ut
574 582 657 632 eum
675 559 787 657 digne
801 558 949 631 laudare
966 558 1098 654 poesim
1116 561 1159 634 P.
1174 561 1218 636 Ρ.
1237 563 1404 656 Domai,

205 693 266 789 qui
296 691 364 762 hoc
394 690 430 761 iu
460 688 540 761 loco
575 700 707 784 puncta
743 698 827 785 post
853 699 994 790 γραφεα
1026 689 1183 764 delenda
1211 707 1324 790 putat,
1361 707 1404 770 ut

203 832 342 921 ’γραφεα
363 831 400 894 el
417 853 474 892 ται
498 820 534 891 ln
553 820 648 892 illem
666 820 816 894 verbum
835 821 1050 910 coalescant,
1074 832 1111 895 et
1127 823 1178 896 lia
1199 835 1403 926 γραφεαται

201 977 266 1051 pro
283 960 511 1050 γεγραφαται
529 961 698 1046 ponatur.
751 949 837 1024 Nisi
859 963 980 1024 tamen
999 962 1132 1048 praeter
1153 967 1282 1056 ’γραφη
1301 958 1401 1032 aliud

200 1082 348 1160 verbum
370 1090 467 1154 esset
487 1081 594 1177 quale
616 1091 771 1180 γραφεω,
795 1092 979 1181 γραφαται
1000 1086 1115 1184 magia
1133 1090 1399 1183 expectandum

201 1225 297 1288 esset
308 1212 333 1285 ¹.
379 1209 617 1286 Vincentius²
633 1214 653 1283 ὁ
669 1247 857 1311 wopam,
875 1225 1017 1311 γραφη
1032 1216 1153 1290 forsan
1170 1218 1217 1291 ab
1235 1220 1401 1295 obsoleto

199 1348 375 1427 vocabulo
399 1355 537 1445 ’γραφος
565 1369 631 1442 pro
657 1356 780 1445 γραφη
806 1347 960 1422 derivari
986 1373 1093 1446 porse
1118 1351 1279 1446 putavit;
1315 1377 1398 1428 cum

198 1482 236 1556 in
262 1502 345 1554 vase
372 1475 471 1550 lictili
503 1474 612 1578 hodie
639 1485 761 1550 extent
785 1477 918 1561 μόλκος.
934 1486 971 1548 et
994 1477 1092 1555 ἄλκας
1124 1502 1193 1575 pro
1219 1482 1336 1568 μόλπη
1362 1493 1401 1556 et

197 1611 297 1699 ἄλκη.
363 1608 448 1684 Nec
496 1631 540 1680 ea
582 1606 795 1705 conjectura
845 1615 981 1682 temere
1023 1609 1238 1683 damnanda.
1301 1610 1399 1685 Vere

198 1746 343 1845 quidem
364 1739 561 1838 Knightius
576 1748 713 1837 γραφος
730 1738 820 1810 nihil
839 1737 907 1811 nisi
924 1737 1038 1836 ipsam
1057 1749 1191 1839 Ρητραν
1204 1742 1399 1843 designare

197 1897 303 1972 posse
328 1868 437 1956 dicit;
466 1890 547 1939 cum
574 1877 695 1940 autem
723 1867 857 1941 nullam
884 1891 1030 1964 poenam
1057 1871 1272 1945 denunciari
1296 1883 1400 1969 putet

149 2075 153 2096 ,
195 2006 265 2080 illie
298 2004 361 2103 qui
390 2013 562 2074 tesseram
588 1999 815 2087 violaverint,
850 2001 913 2074 sed
945 2000 988 2072 iis
1023 2011 1159 2074 tanturn
1190 2003 1254 2099 qui
1279 2004 1398 2080 foedus

195 2138 232 2212 in
272 2159 315 2208 ea
357 2131 530 2228 scriptum
577 2131 754 2230 ruperint,
804 2130 874 2204 illia
921 2133 1015 2204 haud
1055 2135 1245 2208 assentior.
1311 2135 1397 2210 Nisi

195 2267 291 2342 enim
315 2265 371 2338 hia
401 2263 521 2339 verbis
549 2272 696 2338 tessera
728 2261 838 2358 ipsius
871 2260 1034 2335 violatori
1061 2287 1174 2359 poeua
1200 2263 1396 2352 indicatur,

193 2396 372 2473 inutiliter
393 2418 552 2492 prorsus,
580 2405 621 2468 ut
647 2392 735 2468 milvi
761 2393 916 2483 videtur,
942 2411 1030 2490 quae·
1050 2396 1152 2491 prius
1176 2395 1273 2468 dicta
1301 2407 1398 2482 aunt,

194 2527 254 2602 hic
284 2534 512 2623 repetuntur.
577 2524 651 2615 Qui
679 2524 776 2598 enim
805 2522 955 2599 foederia
982 2533 1087 2620 pacta
1117 2524 1317 2616 violaverit,
1344 2526 1398 2604 illi

186 2667 264 2766 jam
290 2670 400 2736 antea
426 2683 539 2757 poena
567 2656 762 2731 constituta
788 2665 876 2730 erat.

269 2793 314 2868 L.
334 2803 369 2864 8.
396 2799 480 2864 Arre
504 2797 618 2877 Feror,
640 2821 716 2860 aare
731 2797 897 2871 τελεστα,
920 2819 997 2858 aare
1020 2783 1130 2870 launa.
1173 2784 1280 2876 Ἔτης
1299 2791 1398 2885 aputl

192 2927 394 3000 Homerum
445 2944 593 3019 quoque
636 2919 832 3018 Digamma
877 2918 1071 2992 habuirea³
1119 2921 1272 2997 videtur.
1339 2922 1397 2995 lbi

193 3076 337 3149 semper
379 3059 469 3135 Erm
501 3050 630 3124 sodalis
660 3051 751 3123 evt⁴.
804 3049 911 3146 Apud
944 3047 1226 3148 Thucydidem⁵
1260 3054 1398 3152 simpli-

193 3189 285 3265 citer
321 3185 411 3260 civia
437 3208 518 3258 esee
544 3185 686 3260 videtur
716 3182 881 3284 quamvis
912 3183 1016 3257 aliter
1043 3183 1273 3262 Scholiastea.
1326 3197 1399 3270 rote

192 3318 300 3414 ἔταις)
333 3323 406 3394 τοῖς
435 3319 700 3404 πολιτευομένας
728 3318 763 3391 ἓν
788 3323 844 3411 reip
869 3315 998 3420 ‹irmpi
1026 3313 1147 3396 milen
1188 3319 1397 3419 Stephanus

192 3451 272 3522 haec
307 3448 428 3522 habet.
495 3445 633 3536 “‘Erm
671 3449 800 3526 aociua.
837 3447 987 3520 amicus.
1041 3449 1144 3528 Idem
1181 3451 1259 3528 iere
1297 3453 1397 3551 quod

191 3582 501 3680 ’Eraipone’raipor
518 3592 638 3657 autem
655 3581 908 3680 συνηθέστερος,
927 3579 963 3652 id
981 3591 1047 3669 est,
1063 3581 1271 3657 familiarior
1286 3583 1397 3656 alicui

193 3725 247 3793 eat
271 3738 379 3813 quam
405 3723 506 3800 Ετης.
557 3714 640 3789 Hoc
661 3712 875 3789 vocabulum
899 3710 1110 3788 Euatathius
1129 3713 1221 3788 inde
1240 3716 1397 3790 derivari

192 3856 296 3942 putat
319 3847 419 3920 unde
444 3847 579 3946 ἑταῖρος
605 3848 745 3922 scilicet
765 3847 812 3920 ab
838 3843 922 3931 ἔθος,
946 3855 987 3918 ut
1007 3847 1115 3920 ambo
1133 3848 1207 3920 sint
1234 3848 1329 3924 idem
1351 3873 1396 3930 ac

231 4031 308 4089 ¹Ci.
333 4031 454 4106 Gregor.
476 4051 505 4107 p.
527 4037 596 4098 229.
638 4028 766 4107 Etymol.
817 4023 887 4084 268.
933 4025 1033 4102 Heyue
1045 4025 1075 4083 in
1088 4026 1260 4088 Exnadll.
1275 4029 1312 4090 T.
1324 4035 1396 4089 384.

191 4129 355 4204 ltiag.p.9.
373 4132 421 4195 19.
463 4125 764 4186 Fiaeh.aerall.ll.
816 4121 910 4180 Aliter
937 4133 1033 4180 tamen
1066 4123 1203 4198 Kniglrtio
1229 4125 1322 4186 virum
1348 4125 1396 4202 qui

189 4225 259 4278 408.
815 4219 890 4276 dedit
910 4221 978 4288 e'rrpr
998 4220 1026 4276 in
1048 4219 1130 4281 lllad.
1153 4221 1184 4277 Z.
1205 4225 1275 4290 239.

228 4313 240 4345 ³
260 4312 345 4387 Apud
358 4311 517 4390 Knight.in
526 4311 601 4388 Eph.
614 4309 765 4370 Claas.ubi
854 4313 866 4345 ⁴
887 4313 969 4376 Iliad.
992 4317 1025 4376 Z.
1045 4323 1115 4385 239.
1132 4319 1156 4377 Ι.
1178 4315 1250 4378 460.
1265 4317 1302 4378 ll.
1324 4313 1395 4376 456.

188 4428 273 4488 supra
285 4420 313 4470 et
325 4411 399 4470 inira
412 4414 440 4471 in
454 4415 532 4488 App.
547 4411 573 4470 l.
816 4411 886 4478 674.
924 4412 982 4472 Od.
998 4412 1098 4472 Δ.16.

228 4504 239 4590 f
261 4504 306 4564 Cf.
329 4505 414 4570 Kidd.
435 4509 471 4565 ad
487 4507 604 4564 Dawev.
629 4503 672 4562 M.
686 4503 720 4562 C.
735 4523 763 4579 p.
857 4505 868 4537 ⁵
888 4507 1021 4586 'lhuryu
1035 4509 1074 4571 V.
1089 4515 1138 4578 79.
