3218 5116
171 363 294 427 lusca.
316 349 430 454 Vlll.]
730 363 798 441 173
869 419 872 429 .

238 537 396 608 “Antaa
429 532 619 630 utriusque
652 532 775 628 templi
808 530 918 603 Attici
948 531 995 602 ab
1025 530 1232 602 architectis
1264 529 1355 605 vitu·

168 675 309 761 perstas
343 665 488 738 memini
516 665 563 738 ob
596 665 740 737 nimiam
769 662 1004 761 gracilitatem
1039 675 1076 736 et
1103 663 1354 737 tenuitatem¹.

168 793 232 866 Est
255 818 344 867 sane
361 817 404 866 ea
421 794 563 868 insolita
588 804 625 867 et
650 795 761 866 habet
783 794 881 888 quod
907 793 1094 887 displicere
1112 795 1232 890 possit.
1284 793 1356 867 Sed
1431 859 1439 874 ,

167 948 238 1022 qua
269 934 365 996 antae
399 926 446 997 ad
480 925 662 998 columnas
696 934 873 1020 spectant,
893 923 1031 1021 justam
1061 925 1197 996 hahent
1232 924 1357 996 crassi·

166 1052 352 1129 tudinem:
381 1052 491 1124 altere
526 1061 645 1125 autern
672 1060 786 1146 parte,
823 1073 896 1145 qua
925 1051 971 1120 ad
1011 1050 1183 1144 parietem
1218 1050 1355 1143 pertin-

164 1190 273 1276 gunt,
316 1181 406 1252 nihil
442 1181 527 1254 inde
566 1178 662 1252 effici
697 1177 817 1262 debet,
861 1199 967 1273 quam
1007 1199 1130 1272 margo
1167 1186 1204 1247 et
1243 1176 1358 1280 linitio

166 1311 335 1403 quasdam
371 1309 519 1406 perietis
554 1311 723 1384 indicata.
791 1307 1047 1384 Verumtamen
1086 1318 1124 1379 et
1156 1307 1225 1380 hac
1260 1315 1358 1402 purte

164 1452 269 1514 antas
294 1445 521 1538 postmodum
547 1443 691 1516 latiores
717 1443 839 1514 facere
861 1438 1175 1534 praecipiebatur.'’

239 1581 267 1615 “
282 1573 460 1668 Capiteiln
492 1585 667 1648 omarum
697 1573 893 1669 pulvinata,
921 1570 1041 1666 qualia
1074 1570 1246 1665 templum
1281 1569 1359 1643 Pri-

165 1727 310 1782 enaeum
350 1715 388 1778 et
427 1704 656 1802 Didymaeum
703 1704 849 1788 habent,
891 1714 964 1774 turn
1009 1702 1172 1774 nondum
1216 1702 1359 1774 inventa

164 1831 288 1920 luisse,
323 1832 444 1907 existit
475 1834 680 1906 verisimile.
754 1833 865 1902 Attici
898 1832 1011 1926 igitur
1054 1829 1230 1906 Doricum
1262 1830 1360 1927 capi-

165 1954 282 2028 tulum
316 1955 362 2026 ad
396 1964 500 2026 antas
533 1953 740 2026 translatum
776 1953 881 2022 modo
917 1951 1043 2023 lonico
1079 1965 1358 2026 exornaverunt.

165 2081 269 2154 Nam
310 2090 594 2174 composuerunt
646 2079 825 2169 plinthum
873 2101 953 2148 curn
1001 2079 1142 2169 duplice
1196 2086 1359 2174 cymatio,
1399 2125 1405 2132 ⁴

163 2207 355 2301 superiore
391 2203 536 2285 Lesbio,
573 2201 744 2273 inferiore
775 2201 915 2284 sinuato,
953 2211 1063 2293 atque
1093 2203 1360 2294 hypotrachelio

166 2354 280 2428 supra
306 2329 497 2424 descripto.
549 2327 656 2418 Quod
676 2322 895 2420 capitellum,
923 2325 1030 2396 etiam
1056 2326 1251 2420 perietibus
1276 2332 1360 2401 suh·

166 2471 226 2532 ter
244 2457 447 2554 epistylium
465 2456 659 2554 adjectum,
688 2456 734 2526 de
758 2453 926 2550 epicrano
950 2449 1235 2548 ἑπικρανίτιδα
1262 2443 1361 2526 dixe-

167 2597 277 2659 runt:
308 2608 380 2683 quo
407 2584 554 2658 nornine
582 2583 857 2679 inscriptiones
883 2582 1061 2657 donavit.’'

246 2715 456 2814 “Epistplii
482 2716 603 2790 fasciae
640 2729 712 2792 tres
740 2693 786 2789 ad
816 2719 1116 2811 perpendiculum
1149 2719 1254 2790 factae
1282 2720 1359 2793 alti·

166 2849 292 2922 tudine
330 2848 408 2921 fere
439 2847 598 2942 aequales
634 2849 762 2916 sunt‘:
809 2854 946 2914 tanturn
982 2846 1017 2914 in
1052 2844 1190 2940 porticu
1223 2846 1359 2922 minore

169 3002 374 3077 supremam
405 2975 525 3072 paullo
554 2975 725 3071 majorem
754 2973 874 3040 facere
900 2973 1012 3041 visum
1040 2984 1095 3043 est
1106 2974 1133 3058 ³,
1161 2975 1246 3068 quia
1274 2979 1360 3048 huic

166 3112 310 3186 scutula
332 3116 545 3184 ornamento
570 3101 734 3201 apposita
757 3111 870 3174 erant.
914 3101 986 3174 Sed
1009 3101 1226 3200 ignorabant
1250 3107 1362 3180 Attici

166 3243 314 3338 regulas
331 3239 570 3324 Vitruviauas,
599 3257 690 3330 quas
714 3233 774 3304 hic
797 3255 843 3304 er
873 3230 1001 3327 opticis
1024 3233 1159 3306 caussis
1188 3235 1356 3312 deducit:

166 3391 375 3466 quanquam
406 3392 428 3439 a
458 3367 643 3462 plerisque
672 3363 751 3436 aliis
785 3363 1003 3436 observatas.
1056 3366 1104 3437 At
1133 3365 1250 3440 inanis
1282 3367 1359 3443 illas

168 3499 325 3598 regulas,
365 3497 443 3570 lere
491 3518 615 3569 omnes
664 3491 907 3566 consentiunt.
987 3493 1112 3566 Potius
1153 3497 1359 3595 projectum

169 3627 361 3727 superioris
387 3627 564 3725 cuiusque
597 3619 719 3697 fasciae
746 3624 909 3696 umbram
937 3622 1057 3710 efficit,
1084 3648 1155 3720 qua
1177 3625 1358 3698 altitudini

170 3762 340 3860 subJectae
369 3757 502 3853 aliquid
537 3759 736 3828 detractum
775 3756 936 3828 videtur:
976 3755 1024 3827 ito
1063 3764 1103 3825 ut
1139 3759 1356 3830 contrarium

209 4047 316 4108 ¹llirt.
343 4047 365 4106 l.
387 4047 411 4106 1.
440 4065 466 4121 p.
498 4055 563 4108 11³.
615 4047 740 4104 Omnino
790 4056 884 4104 tamen
912 4065 959 4102 eas
991 4042 1114 4122 abjrllis
1150 4043 1305 4100 inconsulto
1330 4055 1358 4103 et

171 4159 297 4198 summus
330 4141 376 4198 hic
400 4140 444 4196 vir
476 4139 597 4198 arh'fices
630 4140 740 4206 Atticas
789 4153 891 4200 temere
903 4150 1009 4216 spretas
1023 4158 1083 4197 esse
1100 4135 1236 4197 credibile.

173 4236 273 4312 sapius
313 4235 486 4312 reprehendit
523 4237 558 4294 ob
601 4236 739 4313 neglectas
827 4237 941 4312 ‘Supn
966 4235 1000 4302 7⁸*
1024 4242 1053 4294 3.
1081 4233 1155 4294 med.
1184 4233 1218 4298 7⁸*
1244 4241 1272 4293 3.
1307 4235 1357 4296 int.

174 4328 279 4402 regulae
307 4328 496 4400 Vitruvianas‚
525 4347 594 4404 quas
625 4329 670 4387 hic
702 4330 737 4387 ab
788 4335 882 4400 7³⁸35.
925 4334 964 4390 Et
973 4327 1007 4388 G*
1021 4327 1186 4389 2-6“-6“
1200 4337 1248 4398 95.

176 4421 273 4492 lomois
297 4427 452 4486 architectis
469 4427 597 4487 duxerat.
639 4427 737 4504 Neque
826 4432 837 4462 ³
858 4429 892 4486 tl
907 4423 1143 4488 85-4l55-tl
1156 4429 1205 4481 45.
