3158 5104
781 343 830 418 68
1184 351 1330 440 [Cunss.
1356 355 1403 424 11.

16 531 21 544 '
130 489 148 516 ε
207 531 359 620 videtur,
385 555 483 606 anno
526 542 633 614 1820,
660 529 856 604 Pindarum
883 513 930 600 'in
970 525 1112 600 Scholis
1151 525 1402 624 Lipsiensibua

207 663 398 762 explicavit
441 672 478 734 et
516 665 562 736 ad
601 683 743 735 versum
785 660 966 758 quendam
1006 655 1262 732 Nemeorum¹
1294 667 1406 757 Τυραν

206 803 273 896 pro
309 805 479 897 Τυραννων
520 796 676 893 positum
717 794 848 885 statuit,
888 817 1042 892 eamque
1083 793 1218 867 ultimae
1255 795 1404 894 syllabae

207 929 434 1003 omissionem
457 930 494 1002 in
522 927 829 1026 inscriptionibus,
861 927 890 1000 si
918 928 1007 1000 fides
1035 926 1189 1026 Silligio,
1214 926 1402 1028 vulgarent

207 1089 285 1137 esse
327 1063 427 1138 dixit.
497 1062 603 1136 Hane
653 1072 780 1158 postea
821 1058 1155 1156 interpretationem
1204 1062 1405 1158 proposuit„

207 1195 358 1269 “lliero
401 1197 464 1268 des
506 1193 755 1269 Deinomenes
798 1193 912 1280 Sohn‚
938 1195 1014 1268 und
1054 1195 1112 1267 die
1150 1193 1405 1293 Syrakusaner-

207 1331 378 1430 (weihten
415 1329 539 1402 diesen
583 1326 692 1421 belm)
733 1329 813 1402 dem
855 1326 1147 1426 (Olympischen)
1193 1328 1291 1401 Zeus
1336 1351 1405 1403 aus

206 1468 507 1568 Tyrrhenischen
552 1465 625 1540 Era
661 1489 790 1566 wegeu
833 1469 898 1540 der
936 1466 1109 1552 Schlaeht
1145 1466 1205 1540 bei
1246 1466 1405 1540 Kuma’*

206 1600 403 1699 Knightius
457 1605 566 1696 Topos
621 1621 688 1693 pro
737 1631 896 1698 ¹reposcos
946 1599 1102 1695 positum
1159 1623 1240 1674 esse
1288 1609 1402 1696 putat.

207 1731 371 1828 Simplex
407 1741 439 1805 Ν
474 1755 540 1827 pro
566 1729 700 1826 duplici
735 1731 973 1828 proculdubio
1006 1755 1104 1829 saepe
1137 1733 1309 1826 ponitur3
1340 1733 1403 1806 sed

206 1863 413 1962 synalaepha
446 1848 662 1964 diphthongi
697 1896 726 1936 οι
760 1884 947 1958 nunquam
983 1859 1081 1934 facta
1114 1873 1180 1934 est.
1237 1863 1404 1936 Diversa

207 1989 323 2068 enirn¹
342 2006 397 2068 est
427 1993 556 2068 farinae
587 2029 773 2094 εντεπιαροι
807 1995 845 2072 in
885 1994 976 2067 Elea
1001 1994 1061 2066 illa
1094 1995 1244 2069 Rhetra.
1311 1993 1403 2070 Pro-

204 2123 326 2200 babile
369 2123 514 2220 quidem
551 2128 703 2201 videtur
738 2126 826 2223 poni
869 2127 949 2199 haec
986 2149 1053 2222 pro
1096 2161 1131 2200 εν
1167 2159 1221 2200 τοι
1263 2159 1402 2224 επιαροι,

200 2255 270 2332 ¹secl
304 2277 447 2357 semper
478 2268 515 2331 et
543 2259 680 2356 ubique
704 2257 857 2331 articulo
893 2281 976 2332 curn
1008 2259 1153 2332 nomine
1184 2283 1250 2332 suo
1284 2260 1402 2332 crasin

206 2387 352 2462 efficere
376 2388 490 2461 licuit.
542 2389 728 2464 Praeterea
752 2395 928 2463 vetustate
958 2412 1069 2485 poene
1086 2388 1238 2462 barbara
1264 2388 1404 2464 Rhetra

206 2521 268 2596 illa
290 2521 425 2617 scripta
447 2531 501 2595 est
526 2533 564 2595 et
589 2521 736 2596 minime
762 2545 845 2597 cum
871 2513 1066 2628 senioribus
1093 2525 1346 2621 comparanda.

284 2655 380 2732 Mihi
413 2656 571 2753 quidem,
598 2681 690 2754 pace
723 2668 902 2730 tantorum
929 2657 1085 2731 virorum
1115 2655 1280 2744 dixerim,
1307 2657 1404 2730 nulla

207 2794 337 2865 harum
369 2787 548 2863 rationum
579 2789 666 2862 satis
700 2789 848 2864 omnino
883 2790 979 2866 facit.
1032 2789 1223 2866 Sententia
1258 2789 1405 2887 quidem

205 2923 276 2998 loci
296 2923 437 3003 tertiam
466 2945 660 3020 personam
688 2921 865 3019 pluralem
891 2923 996 2998 verbi
1020 2921 1174 3022 alicujus
1198 2921 1405 2996 desiderare

208 3053 362 3130 videtur.

139 3249 142 3255 .
272 3187 397 3260 Pauca
401 3188 716 3287 jameWelclceri
728 3190 974 3288 disputatione
987 3191 1200 3266 exscribam.
1220 3190 1406 3264 “Ultimus

210 3342 336 3410 versus
364 3328 420 3391 est
443 3319 566 3419 justus
595 3321 845 3417 paraemiacus.
899 3321 1045 3396 Priores
1070 3324 1117 3395 ad
1144 3333 1298 3399 metrum
1320 3347 1407 3396 ana·

209 3451 398 3549 paesticum
432 3454 622 3526 accedunt.
684 3453 816 3550 Specie
848 3454 1003 3552 quadam
1041 3476 1276 3528 numerorum
1322 3479 1409 3528 auc-

210 3594 309 3658 tores
343 3583 617 3680 Epitaphiorum
653 3584 796 3683 (quidni
835 3585 986 3658 aliorum
1027 3586 1210 3660 titulorum
1249 3586 1370 3660 itidem
1380 3583 1409 3680 il

209 3719 392 3792 interdum
445 3728 634 3793 contentos
686 3718 798 3792 fuisse
850 3729 1002 3792 annotat
1052 3719 1193 3793 Jacobs
1203 3717 1229 3792 ².
1301 3717 1410 3809 Quod

211 3855 399 3936 Biickhius
425 3857 575 3958 conjicit
598 3867 672 3933 tres
701 3867 841 3931 tautum
870 3857 993 3956 galeas
1021 3867 1060 3930 et
1084 3857 1212 3932 loricas
1235 3881 1255 3930 e
1283 3880 1413 3932 manu·

211 3988 282 4063 biia
305 3988 393 4063 «lovi
417 3989 568 4088 aliisque
586 3975 680 4063 'Diis
707 3989 752 4062 de
780 4011 879 4062 more
905 3981 1132 4061 consecratas
1162 4009 1243 4060 ease
1269 4010 1412 4085 parurn,

212 4129 254 4196 ut
273 4117 361 4192 milri
374 4119 515 4195 videtur
534 4118 768 4220 magnificum
782 4117 929 4218 pluisset,
957 4117 1080 4190 necin
1099 4116 1210 4216 upig.
1226 4115 1410 4189 anathem.

215 4261 390 4328 lae-132.
410 4250 606 4348 spoliorum
621 4248 904 4328 dedicandorum
931 4271 1104 4330 numerus
1123 4245 1261 4322 linitur.
1315 4246 1417 4362 Octo

311 4507 323 4546 ²
344 4509 428 4570 Nem.
444 4511 499 4570 lX.
510 4511 560 4568 ut.
746 4504 761 4532 ²
780 4505 891 4564 Jacobs.
907 4505 933 4562 in
949 4502 1067 4562 Authol.
1083 4505 1159 4578 App.
1174 4501 1228 4576 Ap.
1246 4501 1315 4558 983.
