<?xml version="1.0" encoding="UTF-8"?>
<!DOCTYPE html PUBLIC "-//W3C//DTD XHTML 1.0 Transitional//EN"
    "http://www.w3.org/TR/xhtml1/DTD/xhtml1-transitional.dtd">
<html xmlns="http://www.w3.org/1999/xhtml" xml:lang="en" lang="en">
 <head>
  <title>
</title>
<meta http-equiv="Content-Type" content="text/html;charset=utf-8" />
  <meta name='ocr-system' content='tesseract 3.04.00' />
  <meta name='ocr-capabilities' content='ocr_page ocr_carea ocr_par ocr_line ocrx_word'/>
</head>
<body>
  <div class='ocr_page' id='page_1' title='image "./inscriptionesgr00rosegoog_0215.png"; bbox 0 0 3158 5104; ppageno 0'>
   <div class='ocr_carea' id='block_1_1' title="bbox 785 385 1394 478">
    <p class='ocr_par' dir='ltr' id='par_1_1' title="bbox 785 385 1394 478">
     <span class='ocr_line' id='line_1_1' title="bbox 785 385 1394 478; baseline 0.002 -20"><span class='ocrx_word' id='word_1_1' title='bbox 785 385 834 458; x_wconf 84' lang='grc'><strong>86</strong></span> <span class='ocrx_word' id='word_1_2' title='bbox 1186 394 1333 478; x_wconf 74' lang='lat' dir='ltr'><strong>[Crass.</strong></span> <span class='ocrx_word' id='word_1_3' title='bbox 1348 393 1394 460; x_wconf 93' lang='lat' dir='ltr'><strong>Il.</strong></span> 
     </span>
    </p>
   </div>
   <div class='ocr_carea' id='block_1_2' title="bbox 124 558 1396 1172">
    <p class='ocr_par' dir='ltr' id='par_1_2' title="bbox 124 558 1396 1172">
     <span class='ocr_line' id='line_1_2' title="bbox 203 558 1396 660; baseline 0 -24"><span class='ocrx_word' id='word_1_4' title='bbox 203 560 284 660; x_wconf 89' lang='lat' dir='ltr'><strong>pitii</strong></span> <span class='ocrx_word' id='word_1_5' title='bbox 319 571 505 635; x_wconf 87' lang='lat' dir='ltr'><strong>auctorum</strong></span> <span class='ocrx_word' id='word_1_6' title='bbox 541 558 805 656; x_wconf 80' lang='lat' dir='ltr'><strong>subscriptione</strong></span> <span class='ocrx_word' id='word_1_7' title='bbox 843 562 1010 636; x_wconf 57' lang='lat' dir='ltr'><strong>firmata</strong></span> <span class='ocrx_word' id='word_1_8' title='bbox 1059 563 1254 660; x_wconf 80' lang='lat' dir='ltr'><strong>absurdum</strong></span> <span class='ocrx_word' id='word_1_9' title='bbox 1290 575 1396 653; x_wconf 88' lang='lat' dir='ltr'><strong>esset,</strong></span> 
     </span>
     <span class='ocr_line' id='line_1_3' title="bbox 156 691 1395 793; baseline -0.004 -22"><span class='ocrx_word' id='word_1_10' title='bbox 156 744 165 758; x_wconf 84' lang='lat'><em>-</em></span> <span class='ocrx_word' id='word_1_11' title='bbox 205 717 452 793; x_wconf 88' lang='lat' dir='ltr'><strong>necunquam</strong></span> <span class='ocrx_word' id='word_1_12' title='bbox 471 691 675 791; x_wconf 87' lang='lat' dir='ltr'><strong>hujusmodi</strong></span> <span class='ocrx_word' id='word_1_13' title='bbox 690 692 894 790; x_wconf 86' lang='lat' dir='ltr'><strong>exemplum</strong></span> <span class='ocrx_word' id='word_1_14' title='bbox 913 693 996 766; x_wconf 89' lang='lat' dir='ltr'><strong>vidi.</strong></span> <span class='ocrx_word' id='word_1_15' title='bbox 1025 694 1118 768; x_wconf 88' lang='lat' dir='ltr'><strong>Cum</strong></span> <span class='ocrx_word' id='word_1_16' title='bbox 1136 693 1395 768; x_wconf 83' lang='lat' dir='ltr'><strong>Siebenlreesio</strong></span> 
     </span>
     <span class='ocr_line' id='line_1_4' title="bbox 203 819 1396 906; baseline 0 -2"><span class='ocrx_word' id='word_1_17' title='bbox 203 843 323 906; x_wconf 90' lang='lat' dir='ltr'><strong>autem</strong></span> <span class='ocrx_word' id='word_1_18' title='bbox 352 838 422 902; x_wconf 88' lang='lat' dir='ltr'><strong>stat</strong></span> <span class='ocrx_word' id='word_1_19' title='bbox 444 819 653 902; x_wconf 83' lang='lat' dir='ltr'><strong>Haerenius</strong></span> <span class='ocrx_word' id='word_1_20' title='bbox 664 827 686 902; x_wconf 90' lang='lat'><strong>¹.</strong></span> <span class='ocrx_word' id='word_1_21' title='bbox 721 829 835 903; x_wconf 90' lang='lat' dir='ltr'><strong>“Das</strong></span> <span class='ocrx_word' id='word_1_22' title='bbox 868 842 1078 906; x_wconf 85' lang='lat' dir='ltr'><strong>monument</strong></span> <span class='ocrx_word' id='word_1_23' title='bbox 1105 829 1225 904; x_wconf 91' lang='lat' dir='ltr'><strong>Selbst</strong></span> <span class='ocrx_word' id='word_1_24' title='bbox 1246 831 1294 904; x_wconf 91' lang='lat' dir='ltr'><strong>ist</strong></span> <span class='ocrx_word' id='word_1_25' title='bbox 1313 830 1396 904; x_wconf 88' lang='lat' dir='ltr'><strong>eine</strong></span> 
     </span>
     <span class='ocr_line' id='line_1_5' title="bbox 124 939 1395 1062; baseline 0 -26"><span class='ocrx_word' id='word_1_26' title='bbox 124 959 134 970; x_wconf 80' lang='grc'><em>“</em></span> <span class='ocrx_word' id='word_1_27' title='bbox 204 939 429 1062; x_wconf 84' lang='lat' dir='ltr'><strong>sogenannte</strong></span> <span class='ocrx_word' id='word_1_28' title='bbox 448 973 589 1035; x_wconf 80' lang='lat' dir='ltr'><strong><em>tessera</em></strong></span> <span class='ocrx_word' id='word_1_29' title='bbox 609 959 812 1056; x_wconf 65' lang='lat' dir='ltr'><strong>hospitalia</strong></span> <span class='ocrx_word' id='word_1_30' title='bbox 834 963 917 1037; x_wconf 87' lang='lat' dir='ltr'><strong>eine</strong></span> <span class='ocrx_word' id='word_1_31' title='bbox 941 961 1084 1052; x_wconf 85' lang='lat' dir='ltr'><strong>Marke,</strong></span> <span class='ocrx_word' id='word_1_32' title='bbox 1110 963 1170 1036; x_wconf 89' lang='lat' dir='ltr'><strong>die</strong></span> <span class='ocrx_word' id='word_1_33' title='bbox 1193 961 1268 1036; x_wconf 90' lang='lat' dir='ltr'><strong>sich</strong></span> <span class='ocrx_word' id='word_1_34' title='bbox 1287 963 1395 1036; x_wconf 88' lang='lat' dir='ltr'><strong>Gast·</strong></span> 
     </span>
     <span class='ocr_line' id='line_1_6' title="bbox 202 1094 1394 1172; baseline 0 -3"><span class='ocrx_word' id='word_1_35' title='bbox 202 1095 357 1169; x_wconf 87' lang='lat' dir='ltr'><strong>freunde</strong></span> <span class='ocrx_word' id='word_1_36' title='bbox 392 1094 485 1169; x_wconf 91' lang='lat' dir='ltr'><strong>nach</strong></span> <span class='ocrx_word' id='word_1_37' title='bbox 520 1094 735 1169; x_wconf 87' lang='lat' dir='ltr'><strong>errichteter</strong></span> <span class='ocrx_word' id='word_1_38' title='bbox 767 1095 1115 1172; x_wconf 85' lang='lat' dir='ltr'><strong>Gastfreundschaft</strong></span> <span class='ocrx_word' id='word_1_39' title='bbox 1146 1095 1323 1169; x_wconf 84' lang='lat' dir='ltr'><strong>einander</strong></span> <span class='ocrx_word' id='word_1_40' title='bbox 1347 1120 1394 1169; x_wconf 84' lang='lat' dir='ltr'><strong>zu</strong></span> 
     </span>
    </p>
   </div>
   <div class='ocr_carea' id='block_1_3' title="bbox 62 1211 1395 1324">
    <p class='ocr_par' dir='ltr' id='par_1_3' title="bbox 62 1211 1395 1324">
     <span class='ocr_line' id='line_1_7' title="bbox 62 1211 1395 1324; baseline -0.002 -26"><span class='ocrx_word' id='word_1_41' title='bbox 62 1211 68 1219; x_wconf 74' lang='grc'><strong>’</strong></span> <span class='ocrx_word' id='word_1_42' title='bbox 202 1224 322 1324; x_wconf 85' lang='lat' dir='ltr'><strong>geben</strong></span> <span class='ocrx_word' id='word_1_43' title='bbox 354 1222 530 1322; x_wconf 85' lang='lat' dir='ltr'><strong>pilegten,</strong></span> <span class='ocrx_word' id='word_1_44' title='bbox 564 1247 624 1294; x_wconf 92' lang='lat' dir='ltr'><strong>um</strong></span> <span class='ocrx_word' id='word_1_45' title='bbox 652 1223 723 1322; x_wconf 88' lang='lat' dir='ltr'><strong>bey</strong></span> <span class='ocrx_word' id='word_1_46' title='bbox 753 1221 1012 1296; x_wconf 87' lang='lat' dir='ltr'><strong>wiederholten</strong></span> <span class='ocrx_word' id='word_1_47' title='bbox 1044 1221 1249 1309; x_wconf 88' lang='lat' dir='ltr'><strong>Beauchen,</strong></span> <span class='ocrx_word' id='word_1_48' title='bbox 1284 1223 1395 1298; x_wconf 74' lang='lat' dir='ltr'><strong>selbot</strong></span> 
     </span>
    </p>
   </div>
   <div class='ocr_carea' id='block_1_4' title="bbox 201 1355 1395 2247">
    <p class='ocr_par' dir='ltr' id='par_1_4' title="bbox 201 1355 1395 2247">
     <span class='ocr_line' id='line_1_8' title="bbox 201 1355 1395 1446; baseline -0.002 -14"><span class='ocrx_word' id='word_1_49' title='bbox 201 1358 295 1432; x_wconf 87' lang='lat' dir='ltr'><strong>nach</strong></span> <span class='ocrx_word' id='word_1_50' title='bbox 329 1357 614 1432; x_wconf 82' lang='lat' dir='ltr'><strong>betriichtlichen</strong></span> <span class='ocrx_word' id='word_1_51' title='bbox 648 1357 893 1446; x_wconf 83' lang='lat' dir='ltr'><strong>Zeitrliumen,</strong></span> <span class='ocrx_word' id='word_1_52' title='bbox 937 1356 1013 1430; x_wconf 91' lang='lat' dir='ltr'><strong>sich</strong></span> <span class='ocrx_word' id='word_1_53' title='bbox 1050 1356 1225 1431; x_wconf 83' lang='lat' dir='ltr'><strong>einander</strong></span> <span class='ocrx_word' id='word_1_54' title='bbox 1259 1355 1395 1430; x_wconf 83' lang='lat' dir='ltr'><strong>wieder</strong></span> 
     </span>
     <span class='ocr_line' id='line_1_9' title="bbox 203 1485 1393 1585; baseline -0.001 -24"><span class='ocrx_word' id='word_1_55' title='bbox 203 1513 250 1562; x_wconf 88' lang='lat' dir='ltr'><strong>zu</strong></span> <span class='ocrx_word' id='word_1_56' title='bbox 275 1488 500 1561; x_wconf 86' lang='lat' dir='ltr'><strong>erkennen.”</strong></span> <span class='ocrx_word' id='word_1_57' title='bbox 551 1485 740 1562; x_wconf 84' lang='lat' dir='ltr'><strong>Schowius</strong></span> <span class='ocrx_word' id='word_1_58' title='bbox 759 1489 837 1562; x_wconf 85' lang='lat' dir='ltr'><strong>haec</strong></span> <span class='ocrx_word' id='word_1_59' title='bbox 863 1489 984 1562; x_wconf 90' lang='lat' dir='ltr'><strong>habet.</strong></span> <span class='ocrx_word' id='word_1_60' title='bbox 1032 1487 1189 1562; x_wconf 87' lang='lat' dir='ltr'><strong>“lnitur</strong></span> <span class='ocrx_word' id='word_1_61' title='bbox 1207 1488 1393 1585; x_wconf 90' lang='lat' dir='ltr'><strong>publicum</strong></span> 
     </span>
     <span class='ocr_line' id='line_1_10' title="bbox 201 1621 1391 1721; baseline 0 -24"><span class='ocrx_word' id='word_1_62' title='bbox 201 1625 314 1697; x_wconf 88' lang='lat' dir='ltr'><strong>hocce</strong></span> <span class='ocrx_word' id='word_1_63' title='bbox 336 1625 467 1709; x_wconf 83' lang='lat' dir='ltr'><strong>foedus,</strong></span> <span class='ocrx_word' id='word_1_64' title='bbox 492 1621 662 1697; x_wconf 73' lang='lat' dir='ltr'><strong>amicitiai</strong></span> <span class='ocrx_word' id='word_1_65' title='bbox 690 1635 727 1697; x_wconf 91' lang='lat' dir='ltr'><strong>et</strong></span> <span class='ocrx_word' id='word_1_66' title='bbox 749 1625 1000 1720; x_wconf 79' lang='lat' dir='ltr'><strong>hospitalitatis</strong></span> <span class='ocrx_word' id='word_1_67' title='bbox 1026 1623 1160 1714; x_wconf 80' lang='lat' dir='ltr'><strong>foedus,</strong></span> <span class='ocrx_word' id='word_1_68' title='bbox 1184 1634 1225 1698; x_wconf 93' lang='lat' dir='ltr'><strong>ut</strong></span> <span class='ocrx_word' id='word_1_69' title='bbox 1249 1623 1391 1721; x_wconf 87' lang='lat' dir='ltr'><strong>opinor,</strong></span> 
     </span>
     <span class='ocr_line' id='line_1_11' title="bbox 201 1755 1394 1852; baseline 0.001 -24"><span class='ocrx_word' id='word_1_70' title='bbox 201 1756 297 1828; x_wconf 91' lang='lat' dir='ltr'><strong>inter</strong></span> <span class='ocrx_word' id='word_1_71' title='bbox 322 1755 492 1852; x_wconf 87' lang='lat' dir='ltr'><strong>privatos,</strong></span> <span class='ocrx_word' id='word_1_72' title='bbox 515 1777 669 1851; x_wconf 92' lang='lat' dir='ltr'><strong>quorum</strong></span> <span class='ocrx_word' id='word_1_73' title='bbox 696 1779 791 1828; x_wconf 87' lang='lat' dir='ltr'><strong>unus</strong></span> <span class='ocrx_word' id='word_1_74' title='bbox 811 1755 939 1845; x_wconf 86' lang='lat' dir='ltr'><strong>Saotis,</strong></span> <span class='ocrx_word' id='word_1_75' title='bbox 956 1756 1046 1830; x_wconf 85' lang='lat' dir='ltr'><strong>alter</strong></span> <span class='ocrx_word' id='word_1_76' title='bbox 1071 1755 1245 1830; x_wconf 85' lang='lat' dir='ltr'><strong>Slcaenias</strong></span> <span class='ocrx_word' id='word_1_77' title='bbox 1271 1756 1394 1851; x_wconf 90' lang='lat' dir='ltr'><strong>appel-</strong></span> 
     </span>
     <span class='ocr_line' id='line_1_12' title="bbox 202 1881 1394 1978; baseline -0.002 -22"><span class='ocrx_word' id='word_1_78' title='bbox 202 1885 318 1972; x_wconf 77' lang='lat' dir='ltr'><strong>latur3</strong></span> <span class='ocrx_word' id='word_1_79' title='bbox 351 1881 432 1955; x_wconf 92' lang='lat' dir='ltr'><strong>initi</strong></span> <span class='ocrx_word' id='word_1_80' title='bbox 465 1891 585 1956; x_wconf 86' lang='lat' dir='ltr'><strong>autem</strong></span> <span class='ocrx_word' id='word_1_81' title='bbox 621 1884 769 1956; x_wconf 86' lang='lat' dir='ltr'><strong>foederis</strong></span> <span class='ocrx_word' id='word_1_82' title='bbox 802 1883 1005 1963; x_wconf 76' lang='lat' dir='ltr'><strong>stabiliendi</strong></span> <span class='ocrx_word' id='word_1_83' title='bbox 1040 1905 1161 1971; x_wconf 90' lang='lat' dir='ltr'><strong>causa,</strong></span> <span class='ocrx_word' id='word_1_84' title='bbox 1196 1883 1394 1978; x_wconf 87' lang='lat' dir='ltr'><strong>subscripta</strong></span> 
     </span>
     <span class='ocr_line' id='line_1_13' title="bbox 202 2014 1393 2116; baseline 0 -28"><span class='ocrx_word' id='word_1_85' title='bbox 202 2025 288 2088; x_wconf 89' lang='lat' dir='ltr'><strong>sunt</strong></span> <span class='ocrx_word' id='word_1_86' title='bbox 315 2014 461 2090; x_wconf 92' lang='lat' dir='ltr'><strong>nomina</strong></span> <span class='ocrx_word' id='word_1_87' title='bbox 493 2014 691 2112; x_wconf 92' lang='lat' dir='ltr'><strong>amicorum</strong></span> <span class='ocrx_word' id='word_1_88' title='bbox 727 2026 765 2089; x_wconf 96' lang='lat' dir='ltr'><strong>et</strong></span> <span class='ocrx_word' id='word_1_89' title='bbox 790 2015 986 2113; x_wconf 89' lang='lat' dir='ltr'><strong>hospitum,</strong></span> <span class='ocrx_word' id='word_1_90' title='bbox 1024 2015 1258 2116; x_wconf 84' lang='lat' dir='ltr'><strong>Demiurgus,</strong></span> <span class='ocrx_word' id='word_1_91' title='bbox 1283 2016 1393 2091; x_wconf 87' lang='lat' dir='ltr'><strong>Para-</strong></span> 
     </span>
     <span class='ocr_line' id='line_1_14' title="bbox 201 2145 1392 2247; baseline 0.001 -28"><span class='ocrx_word' id='word_1_92' title='bbox 201 2171 309 2246; x_wconf 85' lang='lat' dir='ltr'><strong>goras</strong></span> <span class='ocrx_word' id='word_1_93' title='bbox 327 2148 420 2222; x_wconf 81' lang='lat' dir='ltr'><strong>&amp;c.&#39;&#39;</strong></span> <span class='ocrx_word' id='word_1_94' title='bbox 462 2146 634 2244; x_wconf 92' lang='lat' dir='ltr'><strong>Denique</strong></span> <span class='ocrx_word' id='word_1_95' title='bbox 662 2145 805 2244; x_wconf 89' lang='lat' dir='ltr'><strong>sapiens</strong></span> <span class='ocrx_word' id='word_1_96' title='bbox 831 2146 978 2243; x_wconf 91' lang='lat' dir='ltr'><strong>quidam</strong></span> <span class='ocrx_word' id='word_1_97' title='bbox 1004 2145 1207 2222; x_wconf 89' lang='lat' dir='ltr'><strong>Nicholaus</strong></span> <span class='ocrx_word' id='word_1_98' title='bbox 1229 2149 1392 2247; x_wconf 87' lang='lat' dir='ltr'><strong>Ignarra,</strong></span> 
     </span>
    </p>
   </div>
   <div class='ocr_carea' id='block_1_5' title="bbox 199 2283 1484 3698">
    <p class='ocr_par' dir='ltr' id='par_1_5' title="bbox 199 2283 1484 3698">
     <span class='ocr_line' id='line_1_15' title="bbox 201 2283 1394 2386; baseline -0.003 -25"><span class='ocrx_word' id='word_1_99' title='bbox 201 2295 227 2324; x_wconf 92' lang='lat'><em>“</em></span> <span class='ocrx_word' id='word_1_100' title='bbox 243 2289 281 2361; x_wconf 92' lang='lat' dir='ltr'><strong>in</strong></span> <span class='ocrx_word' id='word_1_101' title='bbox 308 2287 430 2386; x_wconf 85' lang='lat' dir='ltr'><strong>Regio</strong></span> <span class='ocrx_word' id='word_1_102' title='bbox 453 2284 756 2385; x_wconf 85' lang='lat' dir='ltr'><strong>Archigymnasio</strong></span> <span class='ocrx_word' id='word_1_103' title='bbox 783 2283 1029 2380; x_wconf 91' lang='lat' dir='ltr'><strong>Neapolitano</strong></span> <span class='ocrx_word' id='word_1_104' title='bbox 1056 2284 1094 2358; x_wconf 92' lang='lat' dir='ltr'><strong>S.</strong></span> <span class='ocrx_word' id='word_1_105' title='bbox 1113 2284 1309 2382; x_wconf 78' lang='lat' dir='ltr'><strong>Scripturas</strong></span> <span class='ocrx_word' id='word_1_106' title='bbox 1340 2287 1394 2358; x_wconf 92' lang='lat' dir='ltr'><strong>in·</strong></span> 
     </span>
     <span class='ocr_line' id='line_1_16' title="bbox 201 2415 1393 2515; baseline -0.003 -24"><span class='ocrx_word' id='word_1_107' title='bbox 201 2415 403 2515; x_wconf 86' lang='lat' dir='ltr'><strong>terpres’,&#39;&#39;</strong></span> <span class='ocrx_word' id='word_1_108' title='bbox 432 2426 578 2512; x_wconf 86' lang='lat' dir='ltr'><strong>etpost</strong></span> <span class='ocrx_word' id='word_1_109' title='bbox 604 2441 686 2488; x_wconf 90' lang='lat' dir='ltr'><strong>cum</strong></span> <span class='ocrx_word' id='word_1_110' title='bbox 705 2415 872 2489; x_wconf 91' lang='lat' dir='ltr'><strong>Murrius</strong></span> <span class='ocrx_word' id='word_1_111' title='bbox 900 2417 1015 2513; x_wconf 91' lang='lat' dir='ltr'><strong>(quod</strong></span> <span class='ocrx_word' id='word_1_112' title='bbox 1038 2415 1189 2510; x_wconf 87' lang='lat' dir='ltr'><strong>mireris)</strong></span> <span class='ocrx_word' id='word_1_113' title='bbox 1216 2416 1393 2491; x_wconf 87' lang='lat' dir='ltr'><strong>lamellam</strong></span> 
     </span>
     <span class='ocr_line' id='line_1_17' title="bbox 201 2551 1394 2628; baseline -0.003 0"><span class='ocrx_word' id='word_1_114' title='bbox 201 2563 359 2628; x_wconf 88' lang='lat' dir='ltr'><strong>nostram</strong></span> <span class='ocrx_word' id='word_1_115' title='bbox 396 2551 680 2626; x_wconf 83' lang='lat' dir='ltr'><strong>exsecrationem</strong></span> <span class='ocrx_word' id='word_1_116' title='bbox 716 2575 795 2623; x_wconf 89' lang='lat' dir='ltr'><strong>esse</strong></span> <span class='ocrx_word' id='word_1_117' title='bbox 830 2551 1012 2625; x_wconf 88' lang='lat' dir='ltr'><strong>solennem</strong></span> <span class='ocrx_word' id='word_1_118' title='bbox 1050 2561 1223 2626; x_wconf 86' lang='lat' dir='ltr'><strong>statuunt.</strong></span> <span class='ocrx_word' id='word_1_119' title='bbox 1270 2552 1394 2625; x_wconf 90' lang='lat' dir='ltr'><strong>Prius-</strong></span> 
     </span>
     <span class='ocr_line' id='line_1_18' title="bbox 202 2679 1484 2782; baseline -0.002 -27"><span class='ocrx_word' id='word_1_120' title='bbox 202 2706 311 2782; x_wconf 86' lang='lat' dir='ltr'><strong>quam</strong></span> <span class='ocrx_word' id='word_1_121' title='bbox 330 2703 445 2754; x_wconf 89' lang='lat' dir='ltr'><strong>meam</strong></span> <span class='ocrx_word' id='word_1_122' title='bbox 466 2679 679 2752; x_wconf 85' lang='lat' dir='ltr'><strong>sententiam</strong></span> <span class='ocrx_word' id='word_1_123' title='bbox 697 2701 889 2774; x_wconf 86' lang='lat' dir='ltr'><strong>exponam,</strong></span> <span class='ocrx_word' id='word_1_124' title='bbox 922 2679 1053 2754; x_wconf 76' lang='lat' dir='ltr'><strong>tabula</strong></span> <span class='ocrx_word' id='word_1_125' title='bbox 1073 2680 1263 2754; x_wconf 88' lang='lat' dir='ltr'><strong>verborum</strong></span> <span class='ocrx_word' id='word_1_126' title='bbox 1281 2681 1395 2778; x_wconf 84' lang='lat' dir='ltr'><strong>expli·</strong></span> <span class='ocrx_word' id='word_1_127' title='bbox 1481 2717 1484 2724; x_wconf 50' lang='lat'><strong>⁴</strong></span> 
     </span>
     <span class='ocr_line' id='line_1_19' title="bbox 202 2809 1395 2908; baseline -0.005 -20"><span class='ocrx_word' id='word_1_128' title='bbox 202 2814 397 2888; x_wconf 88' lang='lat' dir='ltr'><strong>eandorum</strong></span> <span class='ocrx_word' id='word_1_129' title='bbox 418 2809 588 2894; x_wconf 88' lang='lat' dir='ltr'><strong>rationes,</strong></span> <span class='ocrx_word' id='word_1_130' title='bbox 607 2835 697 2908; x_wconf 88' lang='lat' dir='ltr'><strong>quas</strong></span> <span class='ocrx_word' id='word_1_131' title='bbox 714 2809 931 2906; x_wconf 87' lang='lat' dir='ltr'><strong>interpretes</strong></span> <span class='ocrx_word' id='word_1_132' title='bbox 952 2809 1082 2900; x_wconf 87' lang='lat' dir='ltr'><strong>iniere,</strong></span> <span class='ocrx_word' id='word_1_133' title='bbox 1101 2812 1325 2906; x_wconf 71' lang='lat' dir='ltr'><strong>exponendas</strong></span> <span class='ocrx_word' id='word_1_134' title='bbox 1343 2809 1395 2886; x_wconf 86' lang='lat' dir='ltr'><strong>ri·</strong></span> 
     </span>
     <span class='ocr_line' id='line_1_20' title="bbox 201 2941 1393 3040; baseline -0.002 -22"><span class='ocrx_word' id='word_1_135' title='bbox 201 2946 344 3018; x_wconf 91' lang='lat' dir='ltr'><strong>dentur.</strong></span> <span class='ocrx_word' id='word_1_136' title='bbox 371 2941 478 3032; x_wconf 85' lang='lat' dir='ltr'><strong>Quod</strong></span> <span class='ocrx_word' id='word_1_137' title='bbox 490 2941 605 3038; x_wconf 88' lang='lat' dir='ltr'><strong>prima</strong></span> <span class='ocrx_word' id='word_1_138' title='bbox 617 2943 729 3017; x_wconf 86' lang='lat' dir='ltr'><strong>verba</strong></span> <span class='ocrx_word' id='word_1_139' title='bbox 745 2943 825 3017; x_wconf 71' lang='grc' dir='ltr'><strong>θεὸς</strong></span> <span class='ocrx_word' id='word_1_140' title='bbox 841 2942 932 3040; x_wconf 77' lang='grc' dir='ltr'>τύχα</span> <span class='ocrx_word' id='word_1_141' title='bbox 944 2942 1086 3032; x_wconf 87' lang='lat' dir='ltr'><strong>attinet,</strong></span> <span class='ocrx_word' id='word_1_142' title='bbox 1103 2941 1393 3029; x_wconf 86' lang='lat' dir='ltr'><strong>Siebenlreesius,</strong></span> 
     </span>
     <span class='ocr_line' id='line_1_21' title="bbox 202 3071 1396 3169; baseline 0.002 -23"><span class='ocrx_word' id='word_1_143' title='bbox 202 3075 349 3146; x_wconf 88' lang='lat' dir='ltr'><strong>cumin</strong></span> <span class='ocrx_word' id='word_1_144' title='bbox 378 3071 523 3146; x_wconf 90' lang='lat' dir='ltr'><strong>tesseris</strong></span> <span class='ocrx_word' id='word_1_145' title='bbox 550 3073 788 3169; x_wconf 86' lang='lat' dir='ltr'><strong>hospitalibus</strong></span> <span class='ocrx_word' id='word_1_146' title='bbox 822 3072 894 3146; x_wconf 89' lang='lat' dir='ltr'><strong>Dei</strong></span> <span class='ocrx_word' id='word_1_147' title='bbox 925 3072 1036 3164; x_wconf 88' lang='lat' dir='ltr'><strong>xenii,</strong></span> <span class='ocrx_word' id='word_1_148' title='bbox 1068 3083 1134 3146; x_wconf 89' lang='lat' dir='ltr'><strong>aut</strong></span> <span class='ocrx_word' id='word_1_149' title='bbox 1160 3099 1305 3162; x_wconf 91' lang='lat' dir='ltr'><strong>nomen,</strong></span> <span class='ocrx_word' id='word_1_150' title='bbox 1331 3087 1396 3148; x_wconf 89' lang='lat' dir='ltr'><strong>aut</strong></span> 
     </span>
     <span class='ocr_line' id='line_1_22' title="bbox 201 3197 1396 3312; baseline 0.003 -34"><span class='ocrx_word' id='word_1_151' title='bbox 201 3205 401 3304; x_wconf 91' lang='lat' dir='ltr'><strong>symbolum</strong></span> <span class='ocrx_word' id='word_1_152' title='bbox 432 3206 550 3278; x_wconf 89' lang='lat' dir='ltr'><strong>inesse</strong></span> <span class='ocrx_word' id='word_1_153' title='bbox 569 3213 711 3277; x_wconf 86' lang='lat' dir='ltr'><strong>constet</strong></span> <span class='ocrx_word' id='word_1_154' title='bbox 723 3212 746 3290; x_wconf 85' lang='lat'><strong>³,</strong></span> <span class='ocrx_word' id='word_1_155' title='bbox 767 3201 966 3312; x_wconf 80' lang='lat' dir='ltr'><strong>Fortunam</strong></span> <span class='ocrx_word' id='word_1_156' title='bbox 990 3197 1075 3277; x_wconf 92' lang='lat' dir='ltr'><strong>huic</strong></span> <span class='ocrx_word' id='word_1_157' title='bbox 1094 3217 1326 3281; x_wconf 90' lang='lat' dir='ltr'><strong>monumento</strong></span> <span class='ocrx_word' id='word_1_158' title='bbox 1342 3207 1396 3280; x_wconf 90' lang='lat' dir='ltr'><strong>in-</strong></span> 
     </span>
     <span class='ocr_line' id='line_1_23' title="bbox 202 3336 1394 3439; baseline 0 -27"><span class='ocrx_word' id='word_1_159' title='bbox 202 3338 368 3436; x_wconf 90' lang='lat' dir='ltr'><strong>scriptam</strong></span> <span class='ocrx_word' id='word_1_160' title='bbox 387 3338 545 3437; x_wconf 88' lang='lat' dir='ltr'><strong>conjecit</strong></span> <span class='ocrx_word' id='word_1_161' title='bbox 561 3349 733 3433; x_wconf 87' lang='lat' dir='ltr'><strong>tanquam</strong></span> <span class='ocrx_word' id='word_1_162' title='bbox 756 3336 1009 3434; x_wconf 86' lang='lat' dir='ltr'><strong>hospitalitatis</strong></span> <span class='ocrx_word' id='word_1_163' title='bbox 1037 3361 1173 3412; x_wconf 91' lang='lat' dir='ltr'><strong>numen</strong></span> <span class='ocrx_word' id='word_1_164' title='bbox 1190 3349 1228 3412; x_wconf 89' lang='lat' dir='ltr'><strong>et</strong></span> <span class='ocrx_word' id='word_1_165' title='bbox 1244 3339 1394 3439; x_wconf 83' lang='lat' dir='ltr'><strong>genium</strong></span> 
     </span>
     <span class='ocr_line' id='line_1_24' title="bbox 201 3463 1395 3567; baseline 0.002 -27"><span class='ocrx_word' id='word_1_166' title='bbox 201 3466 346 3540; x_wconf 74' lang='lat' dir='ltr'><strong>familiae</strong></span> <span class='ocrx_word' id='word_1_167' title='bbox 369 3463 542 3564; x_wconf 76' lang='grc' dir='ltr'>ξενοδοχου</span> <span class='ocrx_word' id='word_1_168' title='bbox 567 3464 780 3539; x_wconf 65' lang='lat' dir='ltr'><strong>tutelarem&gt;</strong></span> <span class='ocrx_word' id='word_1_169' title='bbox 812 3466 926 3553; x_wconf 79' lang='lat' dir='ltr'><strong>Tum,</strong></span> <span class='ocrx_word' id='word_1_170' title='bbox 954 3466 1069 3540; x_wconf 86' lang='lat' dir='ltr'><strong>locis⁴</strong></span> <span class='ocrx_word' id='word_1_171' title='bbox 1096 3467 1309 3567; x_wconf 90' lang='lat' dir='ltr'><strong>quibusdam</strong></span> <span class='ocrx_word' id='word_1_172' title='bbox 1331 3472 1395 3544; x_wconf 88' lang='lat' dir='ltr'><strong>ad·</strong></span> 
     </span>
     <span class='ocr_line' id='line_1_25' title="bbox 199 3599 1393 3698; baseline 0.003 -23"><span class='ocrx_word' id='word_1_173' title='bbox 199 3599 346 3688; x_wconf 88' lang='lat' dir='ltr'><strong>vocatis,</strong></span> <span class='ocrx_word' id='word_1_174' title='bbox 370 3599 570 3674; x_wconf 77' lang='lat' dir='ltr'><strong>Fortunam</strong></span> <span class='ocrx_word' id='word_1_175' title='bbox 590 3599 685 3672; x_wconf 87' lang='lat' dir='ltr'><strong>inter</strong></span> <span class='ocrx_word' id='word_1_176' title='bbox 701 3611 849 3697; x_wconf 89' lang='lat' dir='ltr'><strong>penates</strong></span> <span class='ocrx_word' id='word_1_177' title='bbox 866 3601 969 3698; x_wconf 88' lang='lat' dir='ltr'><strong>quasi</strong></span> <span class='ocrx_word' id='word_1_178' title='bbox 995 3625 1130 3677; x_wconf 87' lang='lat' dir='ltr'><strong>numen</strong></span> <span class='ocrx_word' id='word_1_179' title='bbox 1150 3603 1301 3680; x_wconf 88' lang='lat' dir='ltr'><strong>tutelare</strong></span> <span class='ocrx_word' id='word_1_180' title='bbox 1326 3605 1393 3679; x_wconf 86' lang='lat' dir='ltr'><strong>ali·</strong></span> 
     </span>
    </p>
   </div>
   <div class='ocr_carea' id='block_1_6' title="bbox 198 3858 1398 4614">
    <p class='ocr_par' dir='ltr' id='par_1_6' title="bbox 198 3858 1398 4614">
     <span class='ocr_line' id='line_1_26' title="bbox 240 3858 1396 3946; baseline 0.003 -22"><span class='ocrx_word' id='word_1_181' title='bbox 240 3865 442 3924; x_wconf 84' lang='lat' dir='ltr'><strong>¹Bibllotbelr.</strong></span> <span class='ocrx_word' id='word_1_182' title='bbox 473 3866 523 3923; x_wconf 90' lang='lat' dir='ltr'><strong>der</strong></span> <span class='ocrx_word' id='word_1_183' title='bbox 550 3865 600 3924; x_wconf 88' lang='lat' dir='ltr'><strong>alt.</strong></span> <span class='ocrx_word' id='word_1_184' title='bbox 637 3858 693 3923; x_wconf 78' lang='lat' dir='ltr'><strong>Lii.</strong></span> <span class='ocrx_word' id='word_1_185' title='bbox 715 3865 772 3922; x_wconf 91' lang='lat' dir='ltr'><strong>und</strong></span> <span class='ocrx_word' id='word_1_186' title='bbox 862 3861 1010 3923; x_wconf 77' lang='lat' dir='ltr'><strong>‘Sallust</strong></span> <span class='ocrx_word' id='word_1_187' title='bbox 1033 3864 1068 3922; x_wconf 90' lang='lat' dir='ltr'><strong>da</strong></span> <span class='ocrx_word' id='word_1_188' title='bbox 1083 3865 1145 3923; x_wconf 88' lang='lat' dir='ltr'><strong>Diis</strong></span> <span class='ocrx_word' id='word_1_189' title='bbox 1166 3866 1238 3924; x_wconf 87' lang='lat' dir='ltr'><strong>iuter</strong></span> <span class='ocrx_word' id='word_1_190' title='bbox 1251 3867 1396 3946; x_wconf 79' lang='lat' dir='ltr'><strong>mythogr.</strong></span> 
     </span>
     <span class='ocr_line' id='line_1_27' title="bbox 201 3959 1398 4038; baseline 0.001 -20"><span class='ocrx_word' id='word_1_191' title='bbox 201 3961 304 4021; x_wconf 88' lang='lat' dir='ltr'><strong>Kunst.</strong></span> <span class='ocrx_word' id='word_1_192' title='bbox 325 3961 409 4022; x_wconf 67' lang='grc' dir='ltr'><strong>ΡΝ.</strong></span> <span class='ocrx_word' id='word_1_193' title='bbox 430 3967 498 4036; x_wconf 78' lang='lat' dir='ltr'><strong>p.2.</strong></span> <span class='ocrx_word' id='word_1_194' title='bbox 825 3961 876 4017; x_wconf 88' lang='lat' dir='ltr'><strong>Gr.</strong></span> <span class='ocrx_word' id='word_1_195' title='bbox 909 3960 967 4036; x_wconf 88' lang='lat' dir='ltr'><strong>(ed.</strong></span> <span class='ocrx_word' id='word_1_196' title='bbox 1003 3959 1116 4038; x_wconf 81' lang='lat' dir='ltr'><strong>Onon.)</strong></span> <span class='ocrx_word' id='word_1_197' title='bbox 1144 3981 1173 4037; x_wconf 90' lang='lat' dir='ltr'><strong>p.</strong></span> <span class='ocrx_word' id='word_1_198' title='bbox 1192 3969 1242 4022; x_wconf 80' lang='lat'><strong>21.</strong></span> <span class='ocrx_word' id='word_1_199' title='bbox 1279 3961 1398 4022; x_wconf 86' lang='lat' dir='ltr'><strong>Eclrbel.</strong></span> 
     </span>
     <span class='ocr_line' id='line_1_28' title="bbox 198 4054 1396 4134; baseline 0.003 -20"><span class='ocrx_word' id='word_1_200' title='bbox 198 4073 205 4082; x_wconf 92' lang='lat'><strong>·</strong></span> <span class='ocrx_word' id='word_1_201' title='bbox 240 4055 337 4114; x_wconf 80' lang='lat' dir='ltr'><strong>¹Nisi</strong></span> <span class='ocrx_word' id='word_1_202' title='bbox 359 4054 535 4131; x_wconf 79' lang='lat' dir='ltr'><strong>scripturam</strong></span> <span class='ocrx_word' id='word_1_203' title='bbox 563 4055 662 4116; x_wconf 85' lang='lat' dir='ltr'><strong>melius</strong></span> <span class='ocrx_word' id='word_1_204' title='bbox 687 4075 772 4134; x_wconf 87' lang='lat' dir='ltr'><strong>quam</strong></span> <span class='ocrx_word' id='word_1_205' title='bbox 824 4055 913 4115; x_wconf 90' lang='lat' dir='ltr'><strong>Num.</strong></span> <span class='ocrx_word' id='word_1_206' title='bbox 931 4055 998 4112; x_wconf 86' lang='lat' dir='ltr'><strong>Vct.</strong></span> <span class='ocrx_word' id='word_1_207' title='bbox 1014 4056 1125 4114; x_wconf 89' lang='lat' dir='ltr'><strong>Anecd.</strong></span> <span class='ocrx_word' id='word_1_208' title='bbox 1140 4075 1166 4132; x_wconf 93' lang='lat' dir='ltr'><strong>p.</strong></span> <span class='ocrx_word' id='word_1_209' title='bbox 1182 4061 1250 4116; x_wconf 75' lang='lat'><strong>183.</strong></span> <span class='ocrx_word' id='word_1_210' title='bbox 1266 4058 1396 4132; x_wconf 82' lang='lat' dir='ltr'><strong>lnscript.</strong></span> 
     </span>
     <span class='ocr_line' id='line_1_29' title="bbox 200 4151 1396 4230; baseline 0 -20"><span class='ocrx_word' id='word_1_211' title='bbox 200 4159 324 4210; x_wconf 86' lang='lat' dir='ltr'><strong>nostram</strong></span> <span class='ocrx_word' id='word_1_212' title='bbox 347 4151 492 4210; x_wconf 77' lang='lat' dir='ltr'><strong>lomellam</strong></span> <span class='ocrx_word' id='word_1_213' title='bbox 507 4152 708 4230; x_wconf 84' lang='lat' dir='ltr'><strong>interpretetur,</strong></span> <span class='ocrx_word' id='word_1_214' title='bbox 729 4173 773 4211; x_wconf 82' lang='lat' dir='ltr'><strong>vae</strong></span> <span class='ocrx_word' id='word_1_215' title='bbox 823 4151 896 4227; x_wconf 87' lang='lat' dir='ltr'><strong>apud</strong></span> <span class='ocrx_word' id='word_1_216' title='bbox 920 4151 1058 4211; x_wconf 84' lang='lat' dir='ltr'><strong>Murator.</strong></span> <span class='ocrx_word' id='word_1_217' title='bbox 1074 4153 1098 4214; x_wconf 92' lang='lat' dir='ltr'><strong>l.</strong></span> <span class='ocrx_word' id='word_1_218' title='bbox 1128 4171 1156 4227; x_wconf 87' lang='lat' dir='ltr'><strong>p.</strong></span> <span class='ocrx_word' id='word_1_219' title='bbox 1171 4152 1253 4214; x_wconf 82' lang='lat' dir='ltr'><strong>lxxx.</strong></span> <span class='ocrx_word' id='word_1_220' title='bbox 1282 4153 1396 4212; x_wconf 86' lang='lat' dir='ltr'><strong>Gruter.</strong></span> 
     </span>
     <span class='ocr_line' id='line_1_30' title="bbox 200 4246 1394 4324; baseline 0.003 -19"><span class='ocrx_word' id='word_1_221' title='bbox 200 4247 362 4324; x_wconf 76' lang='lat' dir='ltr'><strong>Theologiae</strong></span> <span class='ocrx_word' id='word_1_222' title='bbox 375 4247 721 4324; x_wconf 81' lang='lat' dir='ltr'><strong>Neapolitanis-studiosis.</strong></span> <span class='ocrx_word' id='word_1_223' title='bbox 824 4246 951 4305; x_wconf 89' lang='lat' dir='ltr'>LXXV.</span> <span class='ocrx_word' id='word_1_224' title='bbox 973 4247 1058 4322; x_wconf 85' lang='lat' dir='ltr'><strong>Spon.</strong></span> <span class='ocrx_word' id='word_1_225' title='bbox 1072 4248 1107 4306; x_wconf 90' lang='lat' dir='ltr'><strong>da</strong></span> <span class='ocrx_word' id='word_1_226' title='bbox 1126 4249 1181 4306; x_wconf 82' lang='lat' dir='ltr'><strong>aris</strong></span> <span class='ocrx_word' id='word_1_227' title='bbox 1200 4247 1289 4322; x_wconf 76' lang='lat' dir='ltr'><strong>ignot.</strong></span> <span class='ocrx_word' id='word_1_228' title='bbox 1307 4249 1394 4308; x_wconf 83' lang='lat' dir='ltr'><strong>Dsor.</strong></span> 
     </span>
     <span class='ocr_line' id='line_1_31' title="bbox 273 4342 1395 4422; baseline 0.006 -23"><span class='ocrx_word' id='word_1_229' title='bbox 273 4342 364 4401; x_wconf 89' lang='lat' dir='ltr'><strong>Plaut.</strong></span> <span class='ocrx_word' id='word_1_230' title='bbox 402 4343 482 4400; x_wconf 89' lang='lat' dir='ltr'><strong>Poen.</strong></span> <span class='ocrx_word' id='word_1_231' title='bbox 517 4347 584 4402; x_wconf 84' lang='lat' dir='ltr'><strong>Act.</strong></span> <span class='ocrx_word' id='word_1_232' title='bbox 605 4346 641 4407; x_wconf 87' lang='lat' dir='ltr'><strong>V.</strong></span> <span class='ocrx_word' id='word_1_233' title='bbox 670 4345 715 4406; x_wconf 88' lang='lat' dir='ltr'><strong>Sc.</strong></span> <span class='ocrx_word' id='word_1_234' title='bbox 745 4356 771 4404; x_wconf 86' lang='lat' dir='ltr'><strong>l.</strong></span> <span class='ocrx_word' id='word_1_235' title='bbox 823 4343 879 4402; x_wconf 87' lang='lat' dir='ltr'><strong>No.</strong></span> <span class='ocrx_word' id='word_1_236' title='bbox 894 4351 943 4414; x_wconf 84' lang='lat'><strong>29.</strong></span> <span class='ocrx_word' id='word_1_237' title='bbox 973 4344 1078 4402; x_wconf 87' lang='lat' dir='ltr'><strong>Marini</strong></span> <span class='ocrx_word' id='word_1_238' title='bbox 1101 4345 1198 4407; x_wconf 82' lang='lat' dir='ltr'><strong>lscria.</strong></span> <span class='ocrx_word' id='word_1_239' title='bbox 1231 4345 1299 4406; x_wconf 84' lang='lat' dir='ltr'><strong>Alb.</strong></span> <span class='ocrx_word' id='word_1_240' title='bbox 1321 4365 1349 4422; x_wconf 91' lang='lat' dir='ltr'><strong>p.</strong></span> <span class='ocrx_word' id='word_1_241' title='bbox 1364 4353 1395 4414; x_wconf 84' lang='grc'><strong>7.</strong></span> 
     </span>
     <span class='ocr_line' id='line_1_32' title="bbox 200 4435 1397 4518; baseline 0.008 -26"><span class='ocrx_word' id='word_1_242' title='bbox 200 4436 324 4494; x_wconf 82' lang='lat' dir='ltr'><strong>“Deum</strong></span> <span class='ocrx_word' id='word_1_243' title='bbox 347 4435 514 4512; x_wconf 85' lang='lat' dir='ltr'><strong>hospitalem</strong></span> <span class='ocrx_word' id='word_1_244' title='bbox 528 4447 699 4498; x_wconf 83' lang='lat' dir='ltr'><strong>ettesseram</strong></span> <span class='ocrx_word' id='word_1_245' title='bbox 713 4457 772 4496; x_wconf 87' lang='lat' dir='ltr'><strong>me·</strong></span> <span class='ocrx_word' id='word_1_246' title='bbox 822 4439 946 4516; x_wconf 88' lang='lat' dir='ltr'><strong>Capitol.</strong></span> <span class='ocrx_word' id='word_1_247' title='bbox 960 4440 1038 4498; x_wconf 83' lang='lat' dir='ltr'><strong>inter</strong></span> <span class='ocrx_word' id='word_1_248' title='bbox 1058 4439 1153 4518; x_wconf 84' lang='lat' dir='ltr'><strong>script.</strong></span> <span class='ocrx_word' id='word_1_249' title='bbox 1172 4441 1247 4502; x_wconf 87' lang='lat' dir='ltr'><strong>llist.</strong></span> <span class='ocrx_word' id='word_1_250' title='bbox 1270 4443 1348 4518; x_wconf 75' lang='lat' dir='ltr'><strong>Aug.</strong></span> <span class='ocrx_word' id='word_1_251' title='bbox 1367 4459 1397 4516; x_wconf 78' lang='lat' dir='ltr'><strong>p.</strong></span> 
     </span>
     <span class='ocr_line' id='line_1_33' title="bbox 199 4531 1087 4614; baseline 0.003 -26"><span class='ocrx_word' id='word_1_252' title='bbox 199 4549 264 4590; x_wconf 89' lang='lat' dir='ltr'><strong>cum</strong></span> <span class='ocrx_word' id='word_1_253' title='bbox 278 4531 365 4592; x_wconf 83' lang='lat' dir='ltr'><strong>iero.’&#39;</strong></span> <span class='ocrx_word' id='word_1_254' title='bbox 823 4541 872 4594; x_wconf 73' lang='lat'><strong>21.</strong></span> <span class='ocrx_word' id='word_1_255' title='bbox 882 4537 938 4614; x_wconf 82' lang='lat' dir='ltr'><strong>(ed.</strong></span> <span class='ocrx_word' id='word_1_256' title='bbox 953 4535 1087 4611; x_wconf 86' lang='lat' dir='ltr'><strong>Casaub.)</strong></span> 
     </span>
    </p>
   </div>
   <div class='ocr_carea' id='block_1_7' title="bbox 0 0 1584 5104">
    <p class='ocr_par' dir='ltr' id='par_1_7' title="bbox 0 0 1584 5104">
     <span class='ocr_line' id='line_1_34' title="bbox 0 0 1584 5104; baseline 0 0"><span class='ocrx_word' id='word_1_257' title='bbox 0 0 1584 5104; x_wconf 95' lang='lat' dir='ltr'><strong> </strong></span> 
     </span>
    </p>
   </div>
  </div>
 </body>
</html>
