3188 5102
573 916 724 1000 Onnes.
754 916 831 998 lv.
886 915 1037 998 Issen.
1063 913 1127 996 ΙΙ.

455 1157 770 1234 INSCRIPTIO
797 1155 1159 1232 ORCIIOMENIA
1186 1158 1236 1230 ll.

757 1418 849 1475 TAB.
872 1415 937 1474 XL.
1048 1421 1054 1432 '

760 1628 937 1668 24—-

247 1813 383 1900 Ephem.
400 1810 502 1880 Closs.
516 1813 611 1879 Tom.
627 1814 733 1880 XIII.
757 1840 791 1900 p.
803 1824 877 1880 832.
903 1816 1004 1880 Tom.
1021 1815 1143 1880 XVII.
1161 1841 1193 1901 p.
1209 1822 1284 1880 881.
1312 1815 1443 1900 Wnlpol.

311 1931 566 2002 Tom.11.567.
611 1931 734 1997 Bocklr.
758 1929 857 2001 Tom.
877 1931 919 1996 II.
938 1957 971 2017 p.
992 1940 1067 2006 899.
1112 1931 1289 1996 Coclerell.
1307 1931 1383 1996 MS.

321 2083 442 2172 Hirro
470 2095 747 2192 inscriptionem
774 2096 999 2169 Orclromeni
1020 2108 1198 2191 repertam
1219 2096 1357 2190 primus
1375 2094 1446 2169 vul·

244 2227 346 2328 gerit
371 2224 532 2299 Lenkins
559 2227 596 2298 in
624 2225 873 2322 Ephemeride
902 2224 1075 2298 Classica.
1130 2224 1281 2297 Viderat
1303 2249 1446 2322 qunque

245 2373 283 2435 et
309 2359 553 2456 exscripserat
588 2357 850 2431 Cockerellius.
899 2358 1099 2430 Decretum
1129 2370 1184 2431 cst
1214 2359 1289 2454 (cni
1324 2358 1447 2430 similia

237 2498 372 2564 cxtnnt
396 2488 683 2582 quamplurima)
711 2512 786 2582 quo
813 2489 998 2587 Agedicus
1028 2490 1188 2586 προξενίᾳ
1218 2514 1301 2564 cum
1333 2489 1448 2564 multis

244 2610 324 2685 aliis
351 2614 564 2687 muneribus
589 2617 637 2688 ab
660 2618 917 2692 Orchomeniis
941 2630 1101 2692 ornatur.
1146 2620 1366 2720 Hujusmodi
1392 2623 1448 2692 dc·

247 2751 347 2813 crete
377 2764 521 2837 semper
542 2741 671 2818 iisdem
699 2746 775 2818 lere
802 2747 920 2818 verbis
948 2747 1214 2842 concipiuntur.
1256 2747 1381 2820 Pauca
1405 2746 1448 2818 ad

247 2871 354 2971 liujus
382 2872 632 2968 inscriptionis
656 2877 792 2950 calcem
821 2878 1011 2974 exscripsi.
1064 2878 1175 2952 Plura
1202 2879 1319 2952 lector
1346 2879 1448 2952 focile

247 3000 410 3076 inveniet
428 3003 453 3077 ¹.

704 3148 707 3157 '
759 3127 836 3201 Otdc

505 3258 647 3354 τιοῦχαν
670 3259 805 3351 ἀγαθάν
817 3260 843 3299 ⁹·
877 3258 992 3332 Ἀλέυα
1017 3258 1061 3357 dp

308 3449 392 3508 .1..1.
418 3449 587 3508 Cockerellii
610 3451 774 3527 apographo
801 3451 878 3508 deest
904 3451 1014 3509 0102.
1071 3459 1099 3514 2.
1118 3453 1196 3511 ·Post
1223 3453 1260 3535 dp
1285 3453 1320 3508 ad
1347 3450 1449 3508 calcem

525 3549 606 3606 linem
627 3549 757 3608 scribitur
776 3573 796 3608 o
817 3549 845 3606 in
866 3559 981 3627 unoque
1000 3551 1173 3628 apographo.

263 3728 266 3736 ’
294 3720 371 3779 ¹Cl.
383 3721 498 3781 Gruter.
514 3738 675 3780 ccccxix.
880 3724 953 3782 tirus
982 3725 1009 3782 in
1043 3751 1082 3784 ων
1108 3723 1235 3804 desinit)
1263 3740 1313 3798 per
1338 3745 1376 3779 m
1401 3719 1452 3776 lor·

293 3818 371 3874 ¹De
386 3817 507 3876 formula
520 3820 591 3877 θεὼ
606 3816 829 3900 *rixaretnnn
881 3828 1004 3879 mentor.
1046 3819 1079 3876 ln
1106 3818 1285 3894 inscriptione
1314 3815 1451 3874 Leslrinm

253 3923 327 3972 tores
342 3929 410 3986 quos
423 3913 452 3969 in
471 3915 585 3972 nomed
602 3933 629 3988 p.
642 3919 693 3979 90.
707 3912 829 3970 adnoca-
880 3913 986 3970 inedita
1002 3912 1122 3990 legimns
1141 3909 1407 3994 πολεμαρχιόντιν,
1426 3917 1451 3964 et

254 4011 292 4071 vi.
315 4008 399 4078 Quod
410 4027 508 4067 vocem
520 4007 829 4092 erodxavattinotlite-
880 4008 909 4065 in
929 4008 1109 4084 inscriptione
1128 3991 1257 4065 Lebadea
1277 4007 1377 4083 (quom
1392 4003 1452 4060 vide

255 4125 318 4164 rom
332 4133 340 4162 ι
354 4123 430 4178 saepe
450 4125 468 4162 s
483 4105 597 4164 Boeotiis
620 4115 683 4180 post
701 4105 830 4164 vocalem
881 4105 917 4162 nd
940 4103 1049 4162 calcem
1074 4103 1159 4164 inser.
1182 4101 1335 4180 sequentis)
1361 4105 1451 4180 etlap-

255 4202 388 4278 injectam
400 4217 461 4256 esse
471 4199 561 4258 multa
571 4199 730 4258 ostendunt.
754 4199 831 4258 Wal-
879 4197 1013 4280 χιόντων.
1066 4197 1231 4256 Eustothius
1269 4203 1378 4273 quoqne
1411 4193 1451 4268 (p.

255 4297 345 4372 polius
371 4304 445 4352 recte
472 4296 597 4372 appellat
622 4295 830 4369 inscriptionem
884 4289 971 4354 164³.
1009 4293 1028 4350 l.
1052 4296 1118 4372 32.)
1149 4291 1253 4350 ἅσσιον
1283 4298 1311 4348 ct
1335 4288 1452 4362 μέλλων

255 4371 390 4449 ineditam
431 4391 504 4463 apud
533 4387 751 4460 Coclrerellium,
784 4391 831 4448 ubi
881 4407 930 4463 pro
962 4385 1065 4458 ἆσσον,
1091 4390 1204 4457 μᾶλλον
1234 4387 1324 4443 Dores
1352 4381 1451 4442 dixisse

229 4545 239 4566 δ
256 4483 370 4560 genitivi
389 4483 533 4542 rroannum
555 4495 685 4560 <ipsiorum
706 4484 830 4542 nomina-
882 4491 968 4542 notnt.
