3218 5116
780 376 852 454 166
1160 367 1166 382 ’
1193 383 1344 470 [Cunss.
1369 371 1433 452 lll.

302 569 444 643 “lntra
468 564 620 639 eandem
647 562 827 661 porticum
845 565 925 632 erut
945 549 1011 630 ura
1037 555 1141 630 Joots
1169 554 1321 630 Hercei.
1374 556 1433 630 De

228 725 304 800 quo
330 725 412 774 cum
437 721 555 794 nuper
583 696 670 770 satis
695 693 830 767 dictum
856 691 949 764 sit¹z
978 689 1090 764 verbo
1117 687 1432 788 moneresuffictt,

228 833 326 906 hunc
349 832 480 904 redium
506 827 725 924 privatarum
756 823 958 906 custodem,
987 819 1050 916 qui
1077 817 1242 906 cavebat,
1270 843 1319 892 ne
1344 820 1431 916 quid

228 964 358 1064 probri
393 974 430 1036 et
472 959 573 1034 exitii
608 961 654 1034 de
687 957 744 1032 via
779 954 927 1054 publica
962 977 1029 1053 per
1070 951 1264 1027 maceriem
1308 953 1429 1051 (lpse)

227 1098 392 1184 irrueret,
422 1103 459 1166 et
484 1095 611 1168 domus
641 1089 871 1164 securitatem
905 1097 942 1160 et
968 1085 1196 1159 sanctitatem
1225 1097 1430 1174 temeraret,

227 1225 402 1300 hocloco
426 1222 582 1322 positum
612 1217 770 1293 Penatis
790 1216 932 1312 publici
954 1216 1073 1290 locum
1101 1215 1341 1290 obtinuisse.”

300 1357 505 1431 “'I'sndem
537 1356 617 1428 aede
645 1375 748 1426 sacra
770 1351 924 1436 eximus,
952 1371 1060 1445 quam
1082 1347 1159 1447 jem
1191 1349 1347 1447 quisque
1377 1351 1432 1423 in.

225 1489 366 1590 telligit,
391 1485 647 1562 vetustissimas
674 1483 900 1558 Athenarum
919 1489 956 1553 et
980 1477 1179 1579 religiones
1201 1489 1240 1553 et
1263 1480 1429 1556 historias

203 1617 433 1716 ¹complecti.
501 1617 574 1690 Sed
628 1610 873 1712 interrogabit
921 1612 1072 1688 lortasse
1117 1611 1274 1710 aliquis:
1320 1637 1425 1712 quem

222 1751 370 1824 tandem
406 1747 443 1820 in
478 1771 581 1820 usum
617 1721 915 1842 Hecatompedon
948 1754 1184 1830 exstructum,
1215 1746 1244 1817 si
1276 1746 1427 1820 sanetis·

223 1877 316 1954 sima
346 1899 502 1974 queque
532 1901 634 1950 sacra
667 1876 705 1950 in
737 1875 872 1974 templo
896 1875 1018 1952 multo
1047 1863 1187 1949 minore
1216 1875 1363 1964 fiebant,
1390 1885 1427 1948 et

224 2009 303 2105 ipsa
323 2030 456 2107 pompa
479 2005 752 2080 Panathenaicis
783 2029 865 2078 cum
900 2005 1007 2102 peplo
1043 2029 1087 2080 eo
1107 2007 1201 2080 riam
1220 2003 1426 2105 dirigebat?

197 2142 277 2254 'At
321 2165 392 2240 ego
437 2143 659 2238 respondeo:
703 2137 975 2238 augustissimas
1011 2137 1158 2236 quidem
1192 2137 1427 2212 caeremonias

224 2273 262 2348 in
304 2274 511 2350 Erechtheo
550 2296 678 2346 omues
715 2283 892 2369 peractas,
937 2271 1000 2345 sed
1043 2273 1178 2371 populo
1212 2274 1258 2344 ad
1301 2295 1424 2369 preces

221 2405 388 2506 quotidie
440 2405 645 2478 fundendas
689 2403 806 2502 magis
841 2405 1002 2501 patuisse
1052 2405 1337 2495 Parthenonem,
1379 2407 1424 2478 sd

223 2555 372 2630 pompas
407 2539 447 2602 et
484 2527 680 2600 conciones
718 2527 949 2625 excipiendas
987 2531 1101 2604 multo
1134 2532 1334 2629 aptiorem:
1373 2533 1426 2606 ita

223 2673 278 2748 ut,
303 2662 333 2736 si
357 2661 443 2734 illud
467 2659 641 2756 templum
665 2663 892 2736 sacerdotum
918 2663 1063 2753 dixeris,
1090 2667 1169 2738 hoec
1182 2663 1316 2760 populi
1329 2668 1422 2741 aedes

223 2793 378 2868 dicenda
403 2792 509 2865 sit².’'

301 2930 437 3004 “Ares
464 2927 560 3000 circa
583 2926 830 3001 Erechtheum
849 2928 963 3029 signis
990 2942 1027 3004 ct
1053 2931 1176 3006 statuis
1198 2931 1307 3027 plena
1332 2942 1420 3006 erat.

224 3061 325 3139 Nom
361 3061 479 3138 omnis
507 3083 574 3134 arx
611 3059 783 3158 templum
819 3062 923 3167 qussi
957 3077 1035 3138 erat
1066 3065 1134 3138 diis
1163 3063 1302 3139 lantum
1336 3087 1421 3138 con-

111 3295 113 3302 .
222 3204 415 3270 sectatum.
473 3191 547 3266 llic
579 3190 685 3288 plura
722 3191 901 3267 Palladia
935 3195 1104 3269 incendio
1145 3191 1279 3271 Xerxis
1313 3197 1421 3270 semi·

221 3449 292 3512 setis
314 3446 493 3508 memorabili
517 3447 588 3509 olias
615 3446 696 3524 plura
718 3449 801 3508 offer·
850 3453 964 3513 certatio
976 3463 1021 3516 est
1033 3455 1104 3514 inter
1118 3452 1290 3520 Hetniecces
1300 3451 1310 3516 ε’
1330 3453 1419 3516 wat.

223 3546 296 3612 enda
321 3555 412 3602 erunt.
465 3543 550 3600 Hunc
578 3544 682 3602 vidisse
708 3557 801 3623 potest
849 3548 940 3606 erhott
950 3549 983 3606 de
998 3549 1069 3608 Jove
1085 3548 1208 3612 Herceo.

225 3639 399 3699 Guilletiere.
440 3639 478 3698 V.
492 3659 577 3713 supra
590 3660 618 3716 p.
635 3648 684 3704 20.
888 3641 901 3673 ¹
932 3643 1027 3702 Etiam
1039 3643 1231 3720 inscriptiones
1245 3648 1274 3704 in
1288 3645 1420 3702 honorem

266 3737 323 3793 Ἀ
363 3738 504 3795 Creuzero
545 3756 590 3813 ap.
633 3739 798 3797 Platnerum
848 3741 1025 3800 sacerdotum
1048 3736 1170 3798 Poliedis
1191 3742 1302 3816 publice
1325 3737 1420 3816 positae

226 3833 328 3911 Symb.
356 3835 391 3890 ad
414 3836 462 3910 jus
491 3837 553 3896 Au.
581 3853 608 3910 p.
624 3841 675 3906 92.
699 3853 742 3912 sq.
770 3845 799 3894 et
848 3839 957 3896 suntad
974 3838 1194 3908 Parthenonem,
1216 3829 1419 3908 sicutbecap.

223 3915 389 3990 comment.
402 3929 539 3994 Herodot.
566 3953 595 4008 p.
609 3937 677 3992 281.
708 3921 797 3990 'nudo
847 3933 952 3993 Stuart.
968 3934 1066 4010 Antiq.
1082 3935 1122 3994 ll.
1142 3943 1166 3990 t.
1181 3953 1208 4010 p.
1226 3939 1271 3991 15.
1303 3930 1420 3988 Choud-

224 4031 396 4090 mentionem
419 4028 796 4102 tebulaeJliacae,ubiP1i·
846 4029 895 4091 ier.
910 4029 950 4087 ll.
973 4050 1000 4106 p.
1016 4035 1064 4088 55.
1084 4049 1111 4087 n.
1126 4035 1176 4089 δῦ.
1198 4053 1201 4060 ·
1220 4025 1249 4085 Η
1273 4021 1418 4084 ΒΟΥΛΗ

223 4147 306 4187 amus
332 4145 389 4184 arce
416 4127 495 4186 lovis
525 4125 627 4183 Hercei
654 4123 684 4182 in
709 4125 796 4184 medio
847 4125 920 4186 ΚΑΙ
962 4127 991 4186 O
1034 4123 1190 4186 ΔΗΜΟΣ
1230 4121 1420 4183 Attonito-

222 4224 478 4283 oestibuloinsidet.
513 4223 567 4282 Sed
582 4239 646 4280 erun
662 4224 699 4280 ab
716 4223 795 4283 initio
832 4224 989 4284 ’ΔΩΡΑΝ
1000 4220 1319 4284 ΑΠΟΛΛΟΔΩΡΟΥ
1331 4221 1421 4280 ΓΑΡ-

223 4318 398 4378 desmluisse
407 4317 579 4374 Teucrorum
589 4317 636 4375 vel
647 4317 793 4397 Phrygum
845 4317 1025 4376 l'H'l'l'lOY
1054 4315 1269 4378 ΘΥΓΑΤΕΡΑ
1300 4315 1420 4374 ΕΡΡΗ·

221 4421 265 4488 (at
283 4415 398 4472 Teucris
416 4411 484 4470 nihil
504 4428 653 4472 commune
669 4421 712 4475 est
728 4432 794 4473 cum
846 4409 1102 4470 ΦΟΡΗΣΑΣΑΝ
1153 4412 1241 4490 (male
1296 4407 1419 4472 Chaudl.

223 4507 395 4585 Phrygibus)
404 4507 474 4568 levis
487 4509 708 4590 est'ronjecturs.
730 4511 795 4569 Dis-
847 4507 994 4586 ΙΕΡΗΦ.)
1014 4507 1180 4568 ΑΘΗΝΑΙ
1202 4507 1413 4568 ΠΟΛΙΑΔΙ.·
