<?xml version="1.0" encoding="UTF-8"?>
<!DOCTYPE html PUBLIC "-//W3C//DTD XHTML 1.0 Transitional//EN"
    "http://www.w3.org/TR/xhtml1/DTD/xhtml1-transitional.dtd">
<html xmlns="http://www.w3.org/1999/xhtml" xml:lang="en" lang="en">
 <head>
  <title>
</title>
<meta http-equiv="Content-Type" content="text/html;charset=utf-8" />
  <meta name='ocr-system' content='tesseract 3.04.00' />
  <meta name='ocr-capabilities' content='ocr_page ocr_carea ocr_par ocr_line ocrx_word'/>
</head>
<body>
  <div class='ocr_page' id='page_1' title='image "./inscriptionesgr00rosegoog_0134.png"; bbox 0 0 3204 5104; ppageno 0'>
   <div class='ocr_carea' id='block_1_1' title="bbox 554 800 1063 894">
    <p class='ocr_par' dir='ltr' id='par_1_1' title="bbox 554 800 1063 894">
     <span class='ocr_line' id='line_1_1' title="bbox 554 800 1063 894; baseline 0.006 -11"><span class='ocrx_word' id='word_1_1' title='bbox 554 802 707 894; x_wconf 71' lang='lat' dir='ltr'><strong>cruss.</strong></span> <span class='ocrx_word' id='word_1_2' title='bbox 735 801 774 884; x_wconf 94' lang='lat'><strong>1.</strong></span> <span class='ocrx_word' id='word_1_3' title='bbox 828 801 983 885; x_wconf 81' lang='lat' dir='ltr'><strong>Inscn.</strong></span> <span class='ocrx_word' id='word_1_4' title='bbox 1011 800 1063 886; x_wconf 85' lang='lat' dir='ltr'><strong>V.</strong></span> 
     </span>
    </p>
   </div>
   <div class='ocr_carea' id='block_1_2' title="bbox 641 1037 988 1099">
    <p class='ocr_par' dir='ltr' id='par_1_2' title="bbox 641 1037 988 1099">
     <span class='ocr_line' id='line_1_2' title="bbox 641 1037 988 1099; baseline 0.003 -2"><span class='ocrx_word' id='word_1_5' title='bbox 641 1039 730 1099; x_wconf 74' lang='lat' dir='ltr'><strong>TAR</strong></span> <span class='ocrx_word' id='word_1_6' title='bbox 755 1038 809 1097; x_wconf 90' lang='lat'><strong>111.</strong></span> <span class='ocrx_word' id='word_1_7' title='bbox 853 1037 925 1098; x_wconf 79' lang='lat' dir='ltr'><strong>Fra.</strong></span> <span class='ocrx_word' id='word_1_8' title='bbox 947 1039 988 1098; x_wconf 86' lang='lat'><strong>11.</strong></span> 
     </span>
    </p>
   </div>
   <div class='ocr_carea' id='block_1_3' title="bbox 738 1263 872 1314">
    <p class='ocr_par' dir='ltr' id='par_1_3' title="bbox 738 1263 872 1314">
     <span class='ocr_line' id='line_1_3' title="bbox 738 1263 872 1314; baseline 0 -17"><span class='ocrx_word' id='word_1_9' title='bbox 738 1263 872 1314; x_wconf 53' lang='grc'><strong>4-</strong></span> 
     </span>
    </p>
   </div>
   <div class='ocr_carea' id='block_1_4' title="bbox 314 1441 1326 1558">
    <p class='ocr_par' dir='ltr' id='par_1_4' title="bbox 314 1441 1326 1558">
     <span class='ocr_line' id='line_1_4' title="bbox 314 1441 1326 1558; baseline -0.002 -20"><span class='ocrx_word' id='word_1_10' title='bbox 314 1469 341 1538; x_wconf 85' lang='grc' dir='ltr'>Ε</span> <span class='ocrx_word' id='word_1_11' title='bbox 361 1468 485 1538; x_wconf 85' lang='lat' dir='ltr'><strong>schedis</strong></span> <span class='ocrx_word' id='word_1_12' title='bbox 506 1471 547 1537; x_wconf 91' lang='lat' dir='ltr'><strong>E.</strong></span> <span class='ocrx_word' id='word_1_13' title='bbox 566 1469 709 1558; x_wconf 87' lang='lat' dir='ltr'><strong>Tupper,</strong></span> <span class='ocrx_word' id='word_1_14' title='bbox 731 1469 773 1536; x_wconf 81' lang='grc' dir='ltr'><strong>Τ.</strong></span> <span class='ocrx_word' id='word_1_15' title='bbox 792 1471 827 1536; x_wconf 89' lang='lat' dir='ltr'><strong>S.</strong></span> <span class='ocrx_word' id='word_1_16' title='bbox 848 1469 993 1556; x_wconf 83' lang='lat' dir='ltr'><strong>Hughes,</strong></span> <span class='ocrx_word' id='word_1_17' title='bbox 1012 1481 1045 1536; x_wconf 88' lang='lat' dir='ltr'><strong>et</strong></span> <span class='ocrx_word' id='word_1_18' title='bbox 1064 1441 1326 1536; x_wconf 81' lang='lat' dir='ltr'><strong>Fourmontisnis.</strong></span> 
     </span>
    </p>
   </div>
   <div class='ocr_carea' id='block_1_5' title="bbox 198 1629 1411 3320">
    <p class='ocr_par' dir='ltr' id='par_1_5' title="bbox 198 1629 1411 3320">
     <span class='ocr_line' id='line_1_5' title="bbox 293 1629 1411 1746; baseline -0.001 -28"><span class='ocrx_word' id='word_1_19' title='bbox 293 1629 431 1721; x_wconf 79' lang='lat' dir='ltr'><strong>Hunc</strong></span> <span class='ocrx_word' id='word_1_20' title='bbox 487 1643 758 1743; x_wconf 81' lang='lat' dir='ltr'><strong>inscriptionem</strong></span> <span class='ocrx_word' id='word_1_21' title='bbox 803 1643 840 1717; x_wconf 93' lang='lat' dir='ltr'><strong>in</strong></span> <span class='ocrx_word' id='word_1_22' title='bbox 894 1645 1005 1718; x_wconf 92' lang='lat' dir='ltr'><strong>domo</strong></span> <span class='ocrx_word' id='word_1_23' title='bbox 1053 1644 1207 1742; x_wconf 84' lang='lat' dir='ltr'><strong>quadarn</strong></span> <span class='ocrx_word' id='word_1_24' title='bbox 1256 1642 1411 1746; x_wconf 74' lang='lat' dir='ltr'><strong>Athenis</strong></span> 
     </span>
     <span class='ocr_line' id='line_1_6' title="bbox 219 1776 1411 1883; baseline -0.003 -29"><span class='ocrx_word' id='word_1_25' title='bbox 219 1779 348 1880; x_wconf 88' lang='lat' dir='ltr'><strong>reperit</strong></span> <span class='ocrx_word' id='word_1_26' title='bbox 374 1781 431 1855; x_wconf 84' lang='lat' dir='ltr'><strong>vir</strong></span> <span class='ocrx_word' id='word_1_27' title='bbox 458 1777 600 1883; x_wconf 83' lang='lat' dir='ltr'><strong>ingenii</strong></span> <span class='ocrx_word' id='word_1_28' title='bbox 625 1776 810 1880; x_wconf 80' lang='lat' dir='ltr'><strong>elegantia</strong></span> <span class='ocrx_word' id='word_1_29' title='bbox 832 1785 870 1853; x_wconf 87' lang='lat' dir='ltr'><strong>et</strong></span> <span class='ocrx_word' id='word_1_30' title='bbox 895 1776 993 1852; x_wconf 86' lang='lat' dir='ltr'><strong>varie</strong></span> <span class='ocrx_word' id='word_1_31' title='bbox 1022 1776 1225 1852; x_wconf 84' lang='lat' dir='ltr'><strong>eruditione</strong></span> <span class='ocrx_word' id='word_1_32' title='bbox 1255 1776 1411 1878; x_wconf 86' lang='lat' dir='ltr'><strong>insignis</strong></span> 
     </span>
     <span class='ocr_line' id='line_1_7' title="bbox 216 1908 1410 2013; baseline -0.005 -25"><span class='ocrx_word' id='word_1_33' title='bbox 216 1910 262 1992; x_wconf 79' lang='grc' dir='ltr'><strong>Τ.</strong></span> <span class='ocrx_word' id='word_1_34' title='bbox 278 1914 319 1988; x_wconf 90' lang='lat' dir='ltr'><strong>S.</strong></span> <span class='ocrx_word' id='word_1_35' title='bbox 336 1910 505 2010; x_wconf 85' lang='lat' dir='ltr'><strong>Hughes.</strong></span> <span class='ocrx_word' id='word_1_36' title='bbox 553 1910 744 2013; x_wconf 85' lang='lat' dir='ltr'><strong>Lycebetti</strong></span> <span class='ocrx_word' id='word_1_37' title='bbox 769 1909 868 2008; x_wconf 86' lang='lat' dir='ltr'><strong>prius</strong></span> <span class='ocrx_word' id='word_1_38' title='bbox 895 1908 1032 1992; x_wconf 74' lang='lat' dir='ltr'><strong>uiderat</strong></span> <span class='ocrx_word' id='word_1_39' title='bbox 1062 1908 1105 1984; x_wconf 81' lang='lat' dir='ltr'><strong>E.</strong></span> <span class='ocrx_word' id='word_1_40' title='bbox 1125 1908 1279 2011; x_wconf 84' lang='lat' dir='ltr'><strong>Tupper</strong></span> <span class='ocrx_word' id='word_1_41' title='bbox 1306 1909 1410 2009; x_wconf 86' lang='lat' dir='ltr'><strong>cujus</strong></span> 
     </span>
     <span class='ocr_line' id='line_1_8' title="bbox 213 2039 1411 2144; baseline -0.003 -26"><span class='ocrx_word' id='word_1_42' title='bbox 213 2043 470 2144; x_wconf 83' lang='lat' dir='ltr'><strong>Apographum</strong></span> <span class='ocrx_word' id='word_1_43' title='bbox 511 2065 654 2115; x_wconf 90' lang='lat' dir='ltr'><strong>mecum</strong></span> <span class='ocrx_word' id='word_1_44' title='bbox 695 2040 973 2118; x_wconf 83' lang='lat' dir='ltr'><strong>communicavit</strong></span> <span class='ocrx_word' id='word_1_45' title='bbox 1005 2039 1060 2115; x_wconf 86' lang='lat' dir='ltr'><strong>vir</strong></span> <span class='ocrx_word' id='word_1_46' title='bbox 1100 2040 1199 2116; x_wconf 92' lang='lat' dir='ltr'><strong>omni</strong></span> <span class='ocrx_word' id='word_1_47' title='bbox 1234 2041 1411 2116; x_wconf 81' lang='lat' dir='ltr'><strong>doctrinae</strong></span> 
     </span>
     <span class='ocr_line' id='line_1_9' title="bbox 210 2172 1410 2249; baseline -0.001 -1"><span class='ocrx_word' id='word_1_48' title='bbox 210 2175 317 2249; x_wconf 88' lang='lat' dir='ltr'><strong>laude</strong></span> <span class='ocrx_word' id='word_1_49' title='bbox 346 2173 620 2248; x_wconf 87' lang='lat' dir='ltr'><strong>florentissimus</strong></span> <span class='ocrx_word' id='word_1_50' title='bbox 651 2173 694 2248; x_wconf 87' lang='lat' dir='ltr'><strong>P.</strong></span> <span class='ocrx_word' id='word_1_51' title='bbox 723 2174 766 2247; x_wconf 92' lang='lat' dir='ltr'><strong>P.</strong></span> <span class='ocrx_word' id='word_1_52' title='bbox 796 2174 986 2248; x_wconf 78' lang='lat' dir='ltr'><strong>Dobrseus.</strong></span> <span class='ocrx_word' id='word_1_53' title='bbox 1040 2173 1085 2247; x_wconf 88' lang='lat' dir='ltr'><strong>ln</strong></span> <span class='ocrx_word' id='word_1_54' title='bbox 1117 2172 1259 2247; x_wconf 87' lang='lat' dir='ltr'><strong>schedis</strong></span> <span class='ocrx_word' id='word_1_55' title='bbox 1292 2173 1410 2247; x_wconf 82' lang='lat' dir='ltr'><strong>Four·</strong></span> 
     </span>
     <span class='ocr_line' id='line_1_10' title="bbox 212 2304 1409 2405; baseline 0 -25"><span class='ocrx_word' id='word_1_56' title='bbox 212 2305 406 2380; x_wconf 83' lang='lat' dir='ltr'><strong>montienis</strong></span> <span class='ocrx_word' id='word_1_57' title='bbox 449 2304 506 2378; x_wconf 89' lang='lat' dir='ltr'><strong>his</strong></span> <span class='ocrx_word' id='word_1_58' title='bbox 550 2304 671 2379; x_wconf 86' lang='lat' dir='ltr'><strong>verbis</strong></span> <span class='ocrx_word' id='word_1_59' title='bbox 715 2315 863 2379; x_wconf 86' lang='lat' dir='ltr'><strong>notatur</strong></span> <span class='ocrx_word' id='word_1_60' title='bbox 906 2313 974 2378; x_wconf 89' lang='lat' dir='ltr'><strong>“A</strong></span> <span class='ocrx_word' id='word_1_61' title='bbox 1012 2307 1229 2405; x_wconf 80' lang='grc' dir='ltr'><strong>χουρβαλα.”</strong></span> <span class='ocrx_word' id='word_1_62' title='bbox 1298 2304 1409 2380; x_wconf 85' lang='lat' dir='ltr'><strong>Aliud</strong></span> 
     </span>
     <span class='ocr_line' id='line_1_11' title="bbox 210 2430 1410 2538; baseline -0.002 -30"><span class='ocrx_word' id='word_1_63' title='bbox 210 2434 471 2538; x_wconf 82' lang='lat' dir='ltr'><strong>Apogrnph&#39;um</strong></span> <span class='ocrx_word' id='word_1_64' title='bbox 503 2435 689 2510; x_wconf 76' lang='lat' dir='ltr'><strong>Bdckhius</strong></span> <span class='ocrx_word' id='word_1_65' title='bbox 719 2430 821 2508; x_wconf 81' lang='lat' dir='ltr'><strong>meus</strong></span> <span class='ocrx_word' id='word_1_66' title='bbox 852 2457 970 2533; x_wconf 87' lang='lat' dir='ltr'><strong>nuper</strong></span> <span class='ocrx_word' id='word_1_67' title='bbox 997 2435 1085 2510; x_wconf 90' lang='lat' dir='ltr'><strong>mihi</strong></span> <span class='ocrx_word' id='word_1_68' title='bbox 1117 2435 1223 2508; x_wconf 91' lang='lat' dir='ltr'><strong>misit.</strong></span> <span class='ocrx_word' id='word_1_69' title='bbox 1276 2432 1410 2508; x_wconf 83' lang='lat' dir='ltr'><strong>Omnis</strong></span> 
     </span>
     <span class='ocr_line' id='line_1_12' title="bbox 207 2565 1410 2668; baseline 0 -28"><span class='ocrx_word' id='word_1_70' title='bbox 207 2567 432 2668; x_wconf 82' lang='lat' dir='ltr'><strong>Apographs</strong></span> <span class='ocrx_word' id='word_1_71' title='bbox 456 2567 494 2642; x_wconf 92' lang='lat' dir='ltr'><strong>in</strong></span> <span class='ocrx_word' id='word_1_72' title='bbox 517 2567 685 2643; x_wconf 89' lang='lat' dir='ltr'><strong>omuibus</strong></span> <span class='ocrx_word' id='word_1_73' title='bbox 711 2566 957 2659; x_wconf 88' lang='lat' dir='ltr'><strong>consentiunt,</strong></span> <span class='ocrx_word' id='word_1_74' title='bbox 985 2567 1054 2640; x_wconf 86' lang='lat' dir='ltr'><strong>nisi</strong></span> <span class='ocrx_word' id='word_1_75' title='bbox 1082 2567 1180 2667; x_wconf 93' lang='lat' dir='ltr'><strong>quod</strong></span> <span class='ocrx_word' id='word_1_76' title='bbox 1209 2565 1410 2641; x_wconf 88' lang='lat' dir='ltr'><strong>Fourmon·</strong></span> 
     </span>
     <span class='ocr_line' id='line_1_13' title="bbox 205 2697 1411 2796; baseline -0.002 -24"><span class='ocrx_word' id='word_1_77' title='bbox 205 2699 346 2772; x_wconf 86' lang='lat' dir='ltr'><strong>tianum</strong></span> <span class='ocrx_word' id='word_1_78' title='bbox 381 2699 536 2788; x_wconf 89' lang='lat' dir='ltr'><strong>incuria,</strong></span> <span class='ocrx_word' id='word_1_79' title='bbox 569 2710 612 2772; x_wconf 93' lang='lat' dir='ltr'><strong>ut</strong></span> <span class='ocrx_word' id='word_1_80' title='bbox 641 2699 794 2786; x_wconf 86' lang='lat' dir='ltr'><strong>videtur,</strong></span> <span class='ocrx_word' id='word_1_81' title='bbox 827 2697 983 2796; x_wconf 92' lang='lat' dir='ltr'><strong>primum</strong></span> <span class='ocrx_word' id='word_1_82' title='bbox 1014 2732 1037 2773; x_wconf 86' lang='grc' dir='ltr'>σ</span> <span class='ocrx_word' id='word_1_83' title='bbox 1066 2697 1167 2773; x_wconf 85' lang='lat' dir='ltr'><strong>verbi</strong></span> <span class='ocrx_word' id='word_1_84' title='bbox 1200 2731 1344 2787; x_wconf 77' lang='grc' dir='ltr'>ιστησεν</span> <span class='ocrx_word' id='word_1_85' title='bbox 1373 2697 1411 2770; x_wconf 91' lang='lat' dir='ltr'><strong>in</strong></span> 
     </span>
     <span class='ocr_line' id='line_1_14' title="bbox 205 2829 1410 2936; baseline -0.002 -32"><span class='ocrx_word' id='word_1_86' title='bbox 205 2831 305 2936; x_wconf 85' lang='lat' dir='ltr'><strong>linea</strong></span> <span class='ocrx_word' id='word_1_87' title='bbox 326 2833 489 2934; x_wconf 80' lang='lat' dir='ltr'><strong>secunda</strong></span> <span class='ocrx_word' id='word_1_88' title='bbox 510 2832 662 2907; x_wconf 88' lang='lat' dir='ltr'><strong>omittat.</strong></span> <span class='ocrx_word' id='word_1_89' title='bbox 714 2831 901 2906; x_wconf 82' lang='lat' dir='ltr'><strong>Biickhius</strong></span> <span class='ocrx_word' id='word_1_90' title='bbox 926 2829 1080 2936; x_wconf 86' lang='lat' dir='ltr'><strong>primam</strong></span> <span class='ocrx_word' id='word_1_91' title='bbox 1101 2831 1234 2905; x_wconf 88' lang='lat' dir='ltr'><strong>lineam</strong></span> <span class='ocrx_word' id='word_1_92' title='bbox 1261 2834 1410 2906; x_wconf 86' lang='lat' dir='ltr'><strong>brevem</strong></span> 
     </span>
     <span class='ocr_line' id='line_1_15' title="bbox 206 2965 1409 3066; baseline 0.001 -27"><span class='ocrx_word' id='word_1_93' title='bbox 206 2989 284 3039; x_wconf 88' lang='lat' dir='ltr'><strong>esse</strong></span> <span class='ocrx_word' id='word_1_94' title='bbox 300 2965 460 3053; x_wconf 80' lang='lat' dir='ltr'><strong>titutum,</strong></span> <span class='ocrx_word' id='word_1_95' title='bbox 487 2965 797 3066; x_wconf 81' lang='lat' dir='ltr'><strong>Epigmphenque</strong></span> <span class='ocrx_word' id='word_1_96' title='bbox 820 2965 1006 3040; x_wconf 86' lang='lat' dir='ltr'><strong>metricam</strong></span> <span class='ocrx_word' id='word_1_97' title='bbox 1025 2989 1105 3040; x_wconf 87' lang='lat' dir='ltr'><strong>esse</strong></span> <span class='ocrx_word' id='word_1_98' title='bbox 1125 2965 1259 3040; x_wconf 88' lang='lat' dir='ltr'><strong>statuit.</strong></span> <span class='ocrx_word' id='word_1_99' title='bbox 1316 2966 1409 3057; x_wconf 81' lang='lat' dir='ltr'><strong>Quae</strong></span> 
     </span>
     <span class='ocr_line' id='line_1_16' title="bbox 198 3097 1409 3200; baseline 0.002 -28"><span class='ocrx_word' id='word_1_100' title='bbox 198 3097 276 3200; x_wconf 86' lang='lat' dir='ltr'><strong>jam</strong></span> <span class='ocrx_word' id='word_1_101' title='bbox 302 3099 341 3173; x_wconf 94' lang='lat' dir='ltr'><strong>in</strong></span> <span class='ocrx_word' id='word_1_102' title='bbox 368 3098 491 3197; x_wconf 86' lang='lat' dir='ltr'><strong>lapide</strong></span> <span class='ocrx_word' id='word_1_103' title='bbox 519 3101 767 3198; x_wconf 87' lang='lat' dir='ltr'><strong>reperiuntur,</strong></span> <span class='ocrx_word' id='word_1_104' title='bbox 800 3109 939 3197; x_wconf 80' lang='lat' dir='ltr'><strong>purtem</strong></span> <span class='ocrx_word' id='word_1_105' title='bbox 966 3122 1047 3173; x_wconf 88' lang='lat' dir='ltr'><strong>esse</strong></span> <span class='ocrx_word' id='word_1_106' title='bbox 1079 3099 1279 3200; x_wconf 72' lang='lat' dir='ltr'><strong>hexametri</strong></span> <span class='ocrx_word' id='word_1_107' title='bbox 1304 3111 1409 3199; x_wconf 88' lang='lat' dir='ltr'><strong>putat</strong></span> 
     </span>
     <span class='ocr_line' id='line_1_17' title="bbox 206 3209 1182 3320; baseline -0.001 -19"><span class='ocrx_word' id='word_1_108' title='bbox 206 3229 276 3302; x_wconf 90' lang='lat' dir='ltr'><strong>hoc</strong></span> <span class='ocrx_word' id='word_1_109' title='bbox 303 3227 411 3302; x_wconf 89' lang='lat' dir='ltr'><strong>modo</strong></span> <span class='ocrx_word' id='word_1_110' title='bbox 437 3227 658 3320; x_wconf 88' lang='lat' dir='ltr'><strong>concinnati,</strong></span> <span class='ocrx_word' id='word_1_111' title='bbox 1177 3209 1182 3218; x_wconf 42' lang='lat'>¹</span> 
     </span>
    </p>
   </div>
   <div class='ocr_carea' id='block_1_6' title="bbox 202 3373 1408 3888">
    <p class='ocr_par' dir='ltr' id='par_1_6' title="bbox 292 3373 1297 3475">
     <span class='ocr_line' id='line_1_18' title="bbox 292 3373 1297 3475; baseline 0.007 -26"><span class='ocrx_word' id='word_1_112' title='bbox 292 3373 443 3462; x_wconf 69' lang='lat' dir='ltr'><strong>‘Euroo&#39;</strong></span> <span class='ocrx_word' id='word_1_113' title='bbox 468 3376 565 3472; x_wconf 71' lang='grc' dir='ltr'><strong><em>ἕν’γνς</em></strong></span> <span class='ocrx_word' id='word_1_114' title='bbox 591 3377 657 3469; x_wconf 81' lang='lat' dir='ltr'><strong>(sc.</strong></span> <span class='ocrx_word' id='word_1_115' title='bbox 685 3378 811 3473; x_wconf 70' lang='grc' dir='ltr'>ὁγγῦς)</span> <span class='ocrx_word' id='word_1_116' title='bbox 840 3374 938 3472; x_wconf 68' lang='lat' dir='ltr'><strong>Hodoi</strong></span> <span class='ocrx_word' id='word_1_117' title='bbox 962 3379 1095 3475; x_wconf 69' lang='grc' dir='ltr'>ἀγαθοῦ</span> <span class='ocrx_word' id='word_1_118' title='bbox 1119 3385 1192 3456; x_wconf 77' lang='lat' dir='ltr'><strong>rui.</strong></span> <span class='ocrx_word' id='word_1_119' title='bbox 1203 3435 1297 3457; x_wconf 89' lang='grc'><strong>.....</strong></span> 
     </span>
    </p>

    <p class='ocr_par' dir='ltr' id='par_1_7' title="bbox 202 3521 1408 3888">
     <span class='ocr_line' id='line_1_19' title="bbox 278 3521 1405 3635; baseline 0.006 -40"><span class='ocrx_word' id='word_1_120' title='bbox 278 3521 528 3597; x_wconf 86' lang='lat' dir='ltr'><strong>Biomfieldius</strong></span> <span class='ocrx_word' id='word_1_121' title='bbox 557 3521 725 3622; x_wconf 90' lang='lat' dir='ltr'><strong>quidem¹</strong></span> <span class='ocrx_word' id='word_1_122' title='bbox 742 3549 868 3600; x_wconf 85' lang='lat' dir='ltr'><strong>vocem</strong></span> <span class='ocrx_word' id='word_1_123' title='bbox 895 3526 1006 3622; x_wconf 69' lang='grc' dir='ltr'>ἐγγύς</span> <span class='ocrx_word' id='word_1_124' title='bbox 1029 3530 1077 3603; x_wconf 88' lang='lat' dir='ltr'><strong>ab</strong></span> <span class='ocrx_word' id='word_1_125' title='bbox 1100 3530 1138 3604; x_wconf 76' lang='grc' dir='ltr'><strong>ἐν</strong></span> <span class='ocrx_word' id='word_1_126' title='bbox 1163 3531 1232 3635; x_wconf 69' lang='grc' dir='ltr'><strong>γύῃ</strong></span> <span class='ocrx_word' id='word_1_127' title='bbox 1249 3529 1405 3606; x_wconf 85' lang='lat' dir='ltr'><strong>derivari</strong></span> 
     </span>
     <span class='ocr_line' id='line_1_20' title="bbox 203 3654 1408 3753; baseline 0.009 -25"><span class='ocrx_word' id='word_1_128' title='bbox 203 3657 321 3744; x_wconf 90' lang='lat' dir='ltr'><strong>docet,</strong></span> <span class='ocrx_word' id='word_1_129' title='bbox 349 3654 447 3753; x_wconf 93' lang='lat' dir='ltr'><strong>quod</strong></span> <span class='ocrx_word' id='word_1_130' title='bbox 474 3665 595 3728; x_wconf 87' lang='lat' dir='ltr'><strong>tumen</strong></span> <span class='ocrx_word' id='word_1_131' title='bbox 630 3655 661 3728; x_wconf 92' lang='lat' dir='ltr'><strong>si</strong></span> <span class='ocrx_word' id='word_1_132' title='bbox 691 3680 816 3731; x_wconf 87' lang='lat' dir='ltr'><strong>verum</strong></span> <span class='ocrx_word' id='word_1_133' title='bbox 847 3657 894 3731; x_wconf 91' lang='lat' dir='ltr'><strong>sit</strong></span> <span class='ocrx_word' id='word_1_134' title='bbox 923 3659 1135 3736; x_wconf 86' lang='lat' dir='ltr'><strong>hodiernam</strong></span> <span class='ocrx_word' id='word_1_135' title='bbox 1165 3663 1315 3738; x_wconf 86' lang='lat' dir='ltr'><strong>formam</strong></span> <span class='ocrx_word' id='word_1_136' title='bbox 1344 3668 1408 3739; x_wconf 82' lang='lat' dir='ltr'><strong>sd-</strong></span> 
     </span>
     <span class='ocr_line' id='line_1_21' title="bbox 202 3783 1407 3888; baseline 0.009 -28"><span class='ocrx_word' id='word_1_137' title='bbox 202 3783 368 3861; x_wconf 84' lang='lat' dir='ltr'><strong>verbium</strong></span> <span class='ocrx_word' id='word_1_138' title='bbox 392 3785 614 3883; x_wconf 86' lang='lat' dir='ltr'><strong>temporibus</strong></span> <span class='ocrx_word' id='word_1_139' title='bbox 639 3788 891 3863; x_wconf 78' lang='lat' dir='ltr'><strong>remotissimis</strong></span> <span class='ocrx_word' id='word_1_140' title='bbox 924 3791 1105 3888; x_wconf 89' lang='lat' dir='ltr'><strong>recepisse</strong></span> <span class='ocrx_word' id='word_1_141' title='bbox 1131 3795 1407 3871; x_wconf 89' lang='lat' dir='ltr'><strong>concedendum</strong></span> 
     </span>
    </p>
   </div>
   <div class='ocr_carea' id='block_1_7' title="bbox 200 3925 1405 4552">
    <p class='ocr_par' dir='ltr' id='par_1_8' title="bbox 200 3925 1405 4552">
     <span class='ocr_line' id='line_1_22' title="bbox 201 3925 1405 4030; baseline 0.005 -28"><span class='ocrx_word' id='word_1_142' title='bbox 201 3940 268 4002; x_wconf 88' lang='lat' dir='ltr'><strong>est.</strong></span> <span class='ocrx_word' id='word_1_143' title='bbox 320 3925 406 4002; x_wconf 89' lang='lat' dir='ltr'><strong>Nec</strong></span> <span class='ocrx_word' id='word_1_144' title='bbox 436 3928 475 4001; x_wconf 88' lang='lat' dir='ltr'><strong>in</strong></span> <span class='ocrx_word' id='word_1_145' title='bbox 496 3927 602 4003; x_wconf 92' lang='lat' dir='ltr'><strong>titulo</strong></span> <span class='ocrx_word' id='word_1_146' title='bbox 619 3941 691 4003; x_wconf 87' lang='lat' dir='ltr'><strong>tam</strong></span> <span class='ocrx_word' id='word_1_147' title='bbox 713 3928 878 4029; x_wconf 83' lang='lat' dir='ltr'><strong>antiquo,</strong></span> <span class='ocrx_word' id='word_1_148' title='bbox 906 3954 1066 4028; x_wconf 83' lang='lat' dir='ltr'><strong>unquam</strong></span> <span class='ocrx_word' id='word_1_149' title='bbox 1093 3943 1268 4030; x_wconf 90' lang='lat' dir='ltr'><strong>quantum</strong></span> <span class='ocrx_word' id='word_1_150' title='bbox 1294 3935 1405 4008; x_wconf 89' lang='lat' dir='ltr'><strong>seiam</strong></span> 
     </span>
     <span class='ocr_line' id='line_1_23' title="bbox 201 4061 1405 4143; baseline 0.002 -5"><span class='ocrx_word' id='word_1_151' title='bbox 201 4063 359 4138; x_wconf 83' lang='lat' dir='ltr'><strong>Gemma</strong></span> <span class='ocrx_word' id='word_1_152' title='bbox 408 4071 496 4134; x_wconf 87' lang='lat' dir='ltr'><strong>aute</strong></span> <span class='ocrx_word' id='word_1_153' title='bbox 536 4061 635 4136; x_wconf 86' lang='lat' dir='ltr'><strong>aliud</strong></span> <span class='ocrx_word' id='word_1_154' title='bbox 687 4063 843 4137; x_wconf 84' lang='lat' dir='ltr'><strong>Gemma</strong></span> <span class='ocrx_word' id='word_1_155' title='bbox 890 4063 928 4137; x_wconf 93' lang='lat' dir='ltr'><strong>in</strong></span> <span class='ocrx_word' id='word_1_156' title='bbox 975 4097 992 4138; x_wconf 87' lang='grc' dir='ltr'><strong><em>ν</em></strong></span> <span class='ocrx_word' id='word_1_157' title='bbox 1033 4088 1175 4140; x_wconf 87' lang='lat' dir='ltr'><strong>versum</strong></span> <span class='ocrx_word' id='word_1_158' title='bbox 1227 4067 1405 4143; x_wconf 88' lang='lat' dir='ltr'><strong>videmus.</strong></span> 
     </span>
     <span class='ocr_line' id='line_1_24' title="bbox 200 4191 1404 4296; baseline 0.005 -29"><span class='ocrx_word' id='word_1_159' title='bbox 200 4191 337 4267; x_wconf 87' lang='lat' dir='ltr'><strong>Rarius</strong></span> <span class='ocrx_word' id='word_1_160' title='bbox 359 4214 507 4291; x_wconf 89' lang='lat' dir='ltr'><strong>quoque</strong></span> <span class='ocrx_word' id='word_1_161' title='bbox 523 4191 763 4291; x_wconf 89' lang='lat' dir='ltr'><strong>proculdubio</strong></span> <span class='ocrx_word' id='word_1_162' title='bbox 785 4193 928 4268; x_wconf 82' lang='lat' dir='ltr'><strong>dativus</strong></span> <span class='ocrx_word' id='word_1_163' title='bbox 946 4194 1057 4268; x_wconf 86' lang='lat' dir='ltr'><strong>verbo</strong></span> <span class='ocrx_word' id='word_1_164' title='bbox 1074 4227 1184 4291; x_wconf 65' lang='grc' dir='ltr'><strong>εγγυς</strong></span> <span class='ocrx_word' id='word_1_165' title='bbox 1201 4194 1404 4296; x_wconf 88' lang='lat' dir='ltr'><strong>subjicitur.</strong></span> 
     </span>
     <span class='ocr_line' id='line_1_25' title="bbox 202 4323 1404 4428; baseline 0.004 -30"><span class='ocrx_word' id='word_1_166' title='bbox 202 4323 376 4400; x_wconf 82' lang='lat' dir='ltr'><strong>Proiecto</strong></span> <span class='ocrx_word' id='word_1_167' title='bbox 423 4348 533 4399; x_wconf 92' lang='lat' dir='ltr'><strong>nemo</strong></span> <span class='ocrx_word' id='word_1_168' title='bbox 581 4324 790 4427; x_wconf 87' lang='lat' dir='ltr'><strong>hujusmodi</strong></span> <span class='ocrx_word' id='word_1_169' title='bbox 841 4327 1048 4426; x_wconf 82' lang='lat' dir='ltr'><strong>fragmenta</strong></span> <span class='ocrx_word' id='word_1_170' title='bbox 1094 4328 1180 4402; x_wconf 86' lang='lat' dir='ltr'><strong>satis</strong></span> <span class='ocrx_word' id='word_1_171' title='bbox 1222 4328 1404 4428; x_wconf 86' lang='lat' dir='ltr'><strong>explicare</strong></span> 
     </span>
     <span class='ocr_line' id='line_1_26' title="bbox 204 4465 333 4552; baseline -0.008 -19"><span class='ocrx_word' id='word_1_172' title='bbox 204 4465 333 4552; x_wconf 89' lang='lat' dir='ltr'><strong>potest.</strong></span> 
     </span>
    </p>
   </div>
   <div class='ocr_carea' id='block_1_8' title="bbox 484 4619 1150 4696">
    <p class='ocr_par' dir='ltr' id='par_1_9' title="bbox 484 4619 1150 4696">
     <span class='ocr_line' id='line_1_27' title="bbox 484 4619 1150 4696; baseline -0.002 -15"><span class='ocrx_word' id='word_1_173' title='bbox 484 4619 492 4652; x_wconf 81' lang='lat'><strong>¹</strong></span> <span class='ocrx_word' id='word_1_174' title='bbox 514 4621 623 4696; x_wconf 80' lang='lat' dir='ltr'><strong>Proieg.</strong></span> <span class='ocrx_word' id='word_1_175' title='bbox 638 4623 674 4681; x_wconf 89' lang='lat' dir='ltr'><strong>ad</strong></span> <span class='ocrx_word' id='word_1_176' title='bbox 690 4620 798 4684; x_wconf 80' lang='lat' dir='ltr'><strong>nlatth.</strong></span> <span class='ocrx_word' id='word_1_177' title='bbox 814 4623 917 4686; x_wconf 83' lang='lat' dir='ltr'><strong>Grem.</strong></span> <span class='ocrx_word' id='word_1_178' title='bbox 933 4621 986 4682; x_wconf 88' lang='lat' dir='ltr'><strong>Gr.</strong></span> <span class='ocrx_word' id='word_1_179' title='bbox 1007 4642 1034 4696; x_wconf 89' lang='lat' dir='ltr'><strong>p.</strong></span> <span class='ocrx_word' id='word_1_180' title='bbox 1051 4635 1150 4680; x_wconf 80' lang='lat' dir='ltr'><strong>xurx.</strong></span> 
     </span>
    </p>
   </div>
   <div class='ocr_carea' id='block_1_9' title="bbox 0 0 1606 5104">
    <p class='ocr_par' dir='ltr' id='par_1_10' title="bbox 0 0 1606 5104">
     <span class='ocr_line' id='line_1_28' title="bbox 0 0 1606 5104; baseline 0 0"><span class='ocrx_word' id='word_1_181' title='bbox 0 0 1606 5104; x_wconf 95' lang='lat' dir='ltr'><strong> </strong></span> 
     </span>
    </p>
   </div>
  </div>
 </body>
</html>
