3222 5104
290 417 362 491 378
740 431 974 480 trenunrx.

287 589 346 673 ipsi
363 611 457 672 supra
473 589 664 653 sustulimus.
717 589 854 654 Meliora
868 589 982 655 invenit
998 589 1182 668 Viscoutus,
1206 552 1317 674 legeris
1332 591 1382 656 ille
1421 636 1425 650 .

651 707 785 765 NlKEN
813 709 1076 769 EYHOLEMON

290 817 312 880 i.
327 840 355 879 e.
408 813 508 891 Νίκην
533 808 724 894 ειίπιίλεμον,
753 815 875 880 neusin
897 817 978 881 hunc
1004 841 1069 882 rem
1100 818 1235 882 Homeri
1260 819 1391 902 Hymno
1407 819 1437 884 iu

292 913 431 978 Martem
451 938 481 975 ν.
499 921 530 976 4.

440 1009 538 1086 Νίκην
561 1003 756 1086 εὐπολέμοιο
774 1003 896 1100 πάτερ,
917 1007 1091 1101 σνναρονγέ
1115 1011 1288 1094 θέμιστοκ.

292 1125 382 1190 Idem
411 1137 458 1188 est
489 1123 520 1186 in
544 1125 686 1209 Agathiae
722 1125 830 1210 Epigr.
858 1147 993 1191 xxxvi.
1028 1129 1158 1194 Anthol.
1190 1131 1231 1195 F.
1252 1153 1303 1194 ιν.
1337 1154 1370 1214 p.
1391 1131 1440 1194 16.

291 1221 920 1307 (T.111.p46)1nP1urarchumvs.
1573 1261 1574 1348 p

467 1331 718 1455 παραλληλοισι
730 1331 838 1421 βίοις“’
841 1334 1024 1416 Ελληναι
1002 1337 1158 1428 epla-rone

470 1437 583 1513 Ρωμηκ
598 1428 827 1512 αὑπολέμοιιί
805 1461 952 1525 ηρμοσας
969 1432 1147 1507 ἐνναέταις.

294 1553 407 1639 Neque
425 1556 538 1627 obstet,
563 1574 666 1638 neque
683 1555 822 1636 sequitur
840 1558 885 1615 M.
940 1551 1014 1616 Fuit
1031 1553 1114 1620 enim

298 1713 300 1716 .
487 1655 623 1711 NIKEN
648 1654 915 1714 EtssoLEMOM
944 1656 1241 1716 MAPNAMENOI

292 1754 320 1808 N
346 1757 416 1808 ante
444 1745 526 1808 Min
554 1751 588 1806 M
612 1759 746 1820 mutato,
773 1760 807 1809 ut
828 1747 946 1810 fuctum
965 1747 998 1811 in
1019 1771 1173 1812 marmore
1201 1749 1331 1814 Dorico
1354 1752 1434 1833 epod

242 1855 255 1887 t
291 1841 448 1906 Koeuium
477 1842 514 1903 ed
539 1839 638 1926 Greg.
657 1840 800 1907 Corinth.
827 1867 860 1926 p·
882 1853 935 1910 33.
966 1848 1020 1910 ed.
1041 1869 1089 1930 pr.
1108 1852 1273 1910 ΔΑΜΟΜ
1303 1852 1430 1910 ΜΕΤΑ.

292 1938 379 2004 Nihil
395 1941 464 2026 jum
488 1953 641 2022 superest,
668 1938 728 2003 nisi
754 1953 788 2004 ut
813 1946 944 2007 verbum
963 1942 1268 2027 circumspiciamus,
1292 1969 1357 2029 quo
1372 1943 1434 2008 ric·

291 2037 369 2102 toris
396 2037 486 2121 potiti
513 2061 582 2102 esse
607 2038 760 2102 dicuutur.
814 2037 847 2101 Si
868 2031 946 2104 έλον
966 2055 1066 2104 metro
1082 2042 1262 2106 conveniret
1288 2043 1348 2106 hoc
1372 2065 1434 2106 non

292 2148 475 2202 cunctanter
506 2158 702 2220 reponerem.
747 2137 810 2198 Sed
845 2138 933 2201 deest
963 2138 1093 2220 syllaba.
1147 2137 1262 2225 Neque
1294 2129 1432 2221 ἔλαβον,

288 2225 415 2324 έλοχον
435 2233 613 2316 eligendum
633 2238 675 2299 ob
698 2232 825 2311 histum,
848 2235 946 2318 quulis
965 2235 994 2298 iu
1019 2239 1089 2322 ejus
1106 2235 1204 2300 eratis
1226 2236 1432 2300 monumentis

290 2357 352 2398 non
380 2335 460 2396 solet
491 2331 622 2395 admitti.
675 2333 785 2396 Restat
813 2331 916 2414 igitur,
948 2347 982 2396 ut
1013 2340 1214 2398 KAOELON
1250 2334 1432 2411 scribemus,

290 2435 365 2496 dum
388 2429 497 2492 melius
522 2428 637 2514 aliquid
663 2425 844 2506 inveniatur,
873 2445 907 2494 ut
934 2453 1037 2494 versus
1062 2431 1117 2495 sit:

469 2523 572 2603 Νίκην
596 2519 780 2598 εὖπολαμον
805 2525 1049 2613 μαρνάμενοι
1074 2525 1260 2594 κᾶθολον.

292 2625 366 2690 Scio
391 2621 559 2710 καθαιρεῖν
584 2648 651 2688 esee
669 2625 805 2708 deripere
827 2639 858 2687 et
885 2626 1069 2692 devictoris
1096 2624 1201 2689 miuus
1224 2640 1297 2710 apte
1315 2625 1433 2689 dictum

293 2721 386 2786 videri
404 2743 508 2802 posse.
564 2721 679 2785 Eadem
699 2739 801 2786 tamen
821 2721 849 2785 vi
868 2746 944 2790 voce
964 2747 1038 2788 usus
1059 2738 1108 2787 est
1127 2723 1281 2788 Pindarus
1309 2723 1363 2787 ΟΙ.
1380 2745 1432 2786 xr.

291 2823 343 2899 (x.
347 2817 409 2894 )6.
432 2817 572 2882 Boeclrlr
671 2838 674 2846 ·

416 2913 473 2980 Tr's
498 2905 536 2992 δη
561 2915 731 2980 ποταίνιον
755 2907 862 3007 ἔλαχε
886 2914 1059 3011 στέφανον

417 3011 568 3102 χείρεσσι
593 3012 692 3077 ποσίν
718 3039 758 3078 τε
782 3012 834 3078 καί
858 3009 991 3104 ἅρματι,

416 3103 557 3223 ἆγιρνιον
581 3103 615 3174 έν
641 3099 720 3195 δόξᾳ
746 3105 940 3186 θέμενος
905 3141 999 3223 euxor
1020 3103 1111 3202 έργῳ
1132 3108 1321 3195 κσθελαίν,

292 3202 483 3294 siquidem
462 3233 604 3292 α’γωνιον
628 3197 722 3296 ενχος
746 3214 785 3274 de
811 3209 939 3275 lictoris
957 3229 1088 3296 sperate,
1111 3226 1142 3276 et
1170 3216 1207 3279 nd
1225 3209 1395 3278 καθιλιίν
1387 3234 1435 3274 ιιι·

291 3307 491 3390 telligendum
511 3321 558 3369 est
572 3297 669 3370 αὑτό.
724 3306 865 3392 Simplici
883 3312 977 3373 verbo
991 3335 1063 3374 usus
1079 3311 1110 3376 iu
1127 3314 1234 3375 eudem
1254 3335 1301 3375 re.
1341 3310 1432 3390 Pyu.

292 3428 326 3468 v.
343 3414 395 3470 30Ι

470 3501 592 3618 Μάκαρ
616 3494 651 3566 dd
677 3500 726 3566 καί
750 3503 803 3569 νῦν
824 3500 1014 3572 κλεεννᾶς“’
993 3530 1049 3570 οτι

467 3627 587 3717 ενχος
608 3591 667 3678 ἤδη
692 3627 784 3690 παρα
774 3593 1009 3673 Πυθιαδος”
997 3629 1133 3673 ιτποιι
1154 3597 1257 3668 έλιιίν

468 3687 557 3783 δέξαι
579 3687 676 3763 τόνδε
701 3699 809 3774 κῶμον
812 3694 961 3812 ανέρων,

289 3799 371 3862 unde
395 3796 486 3861 simul
508 3797 728 3882 intelligitur,
722 3821 751 3860 ιιι
774 3799 866 3882 priori
884 3803 956 3863 loco
983 3813 1056 3884 post
1072 3797 1246 3888 στέφανον
1272 3799 1434 3883 interpun-

290 3897 425 3978 gendum
459 3918 537 3974 esse,
566 3917 628 3960 uon
663 3919 735 3959 vero
767 3912 839 3979 post
868 3891 1004 4008 ἅρματι.
1056 3896 1261 3982 Sequentium
1293 3916 1434 3960 versuum

294 4006 397 4077 partes
430 4005 493 4056 tam
527 3997 639 4077 emplae
674 4008 800 4074 restant,
826 4009 858 4058 ut
891 3995 922 4058 in
946 3995 1153 4076 restituendis,
1175 4017 1245 4080 quse
1276 3991 1433 4068 deficiunt,

294 4089 404 4156 nullibi
430 4091 493 4155 fere
519 4092 631 4156 dubius
658 4092 785 4156 haereas.

370 4189 408 4251 V.
426 4196 457 4252 3.
476 4191 508 4252 6.
537 4192 1276 4255 ΑΙΘΕΡΜΕΜΦΣΥΧΑΣΥΠΕΔΕΧΣΑΤΟΣΟ

538 4293 1279 4354 ΤΟΝΔΕΠΟΤΕΙΔΑΙΑΣΛΑΜΦΙΠΥΛΑΣΕῘ.

292 4383 329 4446 Ιιι
348 4381 449 4467 priore
474 4407 562 4448 versu
585 4384 670 4449 vocis
688 4399 852 4468 postrenum
880 4393 935 4452 ΣΟ
959 4400 1080 4471 portem
1097 4390 1235 4452 ablutum·
1255 4385 1434 4451 simulem

295 4480 357 4546 fine
375 4503 481 4546 versus
501 4481 592 4549 facile
609 4481 761 4564 restitues,
789 4486 903 4550 colluto
927 4491 1147 4550 AIOEPMEN
1169 4491 1340 4550 ΦΣΥΧΑΣ
1354 4483 1435 4570 quud
