3204 5104
810 413 853 472 12
1230 396 1377 498 [Casas.
1399 407 1427 472 1.

233 589 340 645 sensu
373 590 447 664 quo
482 569 705 656 Maittairius
738 579 811 646 fed.
867 571 1063 647 Dawesio¹
1097 571 1255 646 “nullus
1283 574 1430 648 videtur

235 723 314 774 esse
341 703 531 776 dubitandi
559 703 660 776 locus
694 704 782 801 quin
816 705 853 782 in
887 707 1000 778 verbo
1031 700 1153 792 μελιδα
1181 738 1245 778 nen
1275 727 1427 780 mcuuro

234 833 388 928 spatium
439 836 557 908 minus
607 846 706 908 recte
755 817 948 924 collocetur
958 863 969 920 ;
1013 860 1131 934 ecqua
1177 835 1275 908 eninr
1325 834 1429 907 litera

235 962 568 1060 suppleripoterit?
605 975 750 1062 oportet
769 976 891 1038 autern
909 962 1078 1049 μελεδαὶνε
1096 1000 1112 1039 ν
1135 966 1233 1060 quod
1258 965 1310 1037 sic
1332 987 1429 1037 com·

233 1093 407 1188 piendum
440 1107 497 1168 est
526 1092 760 1180 praedotata?
811 1095 1002 1190 'stupide'
1036 1097 1126 1193 legit
1157 1091 1344 1179 μελεδαίνεῡ
1375 1092 1430 1166 iso

236 1221 328 1318 (δέω)
347 1251 424 1299 cam
449 1227 585 1302 scilicet
609 1229 793 1325 antiquam
812 1228 965 1302 formam
992 1237 1137 1323 putans,
1162 1249 1185 1297 a
1208 1249 1281 1322 qua
1304 1237 1430 1320 postea

235 1353 346 1442 δέομαι
363 1367 480 1431 orturn
500 1369 566 1430 cst.
620 1358 708 1432 darn
727 1358 873 1429 tandem
891 1365 971 1452 post
989 1367 1041 1428 tot
1059 1356 1185 1429 inanes
1201 1354 1429 1451 conjecturas

235 1480 462 1558 Porsonurn³
475 1485 677 1558 audiamus.
718 1484 893 1557 “Extant
910 1483 946 1555 in
960 1483 1092 1580 lapide,
1112 1495 1204 1558 toste
1222 1485 1430 1562 Chandiero

171 1705 176 1718 1
235 1636 272 1707 p.
289 1623 324 1684 3.
357 1612 510 1709 vestigia
547 1612 661 1684 iitsrae
701 1618 740 1684 M
774 1611 861 1684 satis
894 1610 1119 1684 manifesta.¹
1168 1610 1280 1710 Legit
1317 1612 1431 1709 igitur

235 1735 434 1822 sensionem
446 1772 487 1824 με
511 1737 537 1810 oi
566 1745 720 1831 Σογειεΐς,
749 1740 772 1812 ἰ.
786 1763 817 1812 e.
843 1737 920 1810 “St
933 1739 1020 1837 quid
1033 1765 1120 1814 vero
1138 1743 1277 1834 patiar,
1303 1754 1431 1820 curate
1569 1809 1574 1816 .

238 1887 306 1947 me,
337 1863 522 1961 Οδίξιιῐί.υ
563 1867 688 1957 Quare
702 1869 771 1944 hoe
789 1876 996 1953 teneamus,·
1025 1870 1102 1942 Δὲω
1119 1880 1244 1945 autern
1262 1874 1358 1946 istud
1375 1883 1431 1950 ut·

236 2003 324 2088 pote
336 1995 486 2070 lubricae
502 1999 586 2072 tidei
603 2001 873 2095 repudiemus.”
918 1999 1119 2086 Μελεδαψεν
1138 2007 1251 2100 (quod
1264 2006 1323 2080 vix
1339 2029 1431 2101 opus

238 2125 352 2220 dictu)
381 2154 448 2230 pro
473 2129 672 2216 μελεδαίνειν
696 2132 857 2228 ponitur,
883 2141 946 2204 aut
971 2132 1121 2226 simplici
1147 2131 1252 2204 litera
1281 2135 1432 2230 antiquo

238 2289 339 2341 more
365 2292 434 2367 pro
461 2269 692 2371 diphthongo
720 2271 849 2365 posita,
875 2279 939 2339 aut
964 2269 993 2340 si
1024 2271 1134 2340 mavis
1157 2267 1306 2344 AEolico
1334 2293 1432 2343 more

238 2396 390 2490 scripta3
419 2400 516 2471 unde
529 2410 626 2473 recte
642 2399 751 2472 Koen
761 2399 786 2469 ⁴.
829 2393 1064 2476 “Metsdaivcv
1078 2397 1113 2468 in
1134 2396 1304 2490 Inscript.
1321 2397 1432 2494 Sigea

240 2550 306 2604 cur
331 2528 552 2622 displicuerit
584 2527 630 2600 lt.
649 2525 821 2598 Dcwcsio
850 2525 1023 2597 rationem
1056 2548 1128 2596 non
1163 2529 1334 2619 exputo.”
1386 2520 1432 2598 ln

238 2657 477 2756 inscriptione
502 2633 797 2756 Hierapytncnsi,
823 2680 948 2731 omnes
975 2655 1147 2737 infinitivi
1174 2661 1302 2732 eodem
1334 2641 1433 2734 more

241 2785 459 2870 scribuntur,
527 2787 634 2878 Quod
669 2785 883 2868 sententiam
920 2785 989 2856 loci
1028 2783 1170 2870 attinet,
1209 2785 1320 2883 digna
1348 2812 1434 2884 quae

241 2914 449 2998 conferatur
472 2915 657 3021 inscriptio
680 2915 777 3009 apud
797 2913 994 3007 sponium*
1016 2913 1051 2984 in
1077 2911 1133 2984 Co
1150 2913 1267 2987 insula
1290 2889 1434 3018 reperta

638 3068 701 3133 τοῦ
720 3066 873 3146 μνημείου
895 3062 1018 3134 τούτου

640 3189 660 3273 ἡ
686 3197 844 3284 ’γερουσία
867 3183 1011 3273 κήδεται.

319 3339 465 3438 Dignus
479 3356 626 3432 quoque
644 3332 707 3434 qui
717 3334 911 3408 advocetur
925 3332 1025 3405 locus
1042 3330 1157 3406 Livii⁶
1167 3333 1213 3406 de
1228 3333 1433 3411 Horatiano

240 3439 444 3570 sepulchro.
497 3464 580 3535 “ld
608 3462 718 3538 hodie
741 3484 888 3559 quoquo
912 3461 1058 3556 publice
1088 3487 1234 3560 semper
1258 3465 1432 3553 reiectum

240 3606 400 3674 rnanet.'’
797 3635 809 3656 ·
1418 3569 1422 3578 ¹

318 3732 584 3818 ΗΑΙΣΟΡΟΣ
599 3783 606 3798 .
622 3729 877 3798 nauticos.
921 3719 1013 3810 Quae
1032 3719 1220 3793 Bentleius
1237 3720 1432 3818 disputarit

240 3861 285 3934 de
301 3854 491 3951 sculptoris
515 3852 730 3952 ignorantia,
758 3848 861 3947 quasi
885 3849 962 3924 haec
981 3848 1190 3921 verbosum
1209 3850 1431 3945 aspiratione

240 3985 437 4080 scripserit,
464 3984 572 4056 nauci
589 3993 683 4056 sunt.
737 3979 923 4052 Articuius
941 3977 1078 4052 scilicet
1096 4002 1178 4052 curn
1200 4004 1266 4056 sua
1284 4004 1372 4054 voce
1390 3981 1430 4053 in

281 4229 291 4260 ¹
314 4223 428 4286 Dones.
444 4224 487 4285 M.
503 4226 537 4284 C.
552 4243 580 4300 p.
597 4230 665 4282 120.
863 4239 891 4294 p.
903 4225 973 4278 481.

285 4318 566 4392 wopandans
576 4315 744 4374 suanm.
755 4314 810 4371 111.
902 4311 913 4341 ⁴
935 4313 1305 4392 uan.suo1eg.p.na,
1420 4293 1424 4402 J

242 4433 270 4490 p.
283 4407 365 4484 ³68.
900 4408 912 4439 ³
933 4409 1018 4482 Spou.
1035 4409 1158 4470 Misceli
1173 4431 1202 4486 p.
1212 4415 1295 4487 3³9.

281 4505 347 4566 Ἠ.
375 4506 453 4564 Pons.
481 4504 517 4560 ad
542 4503 633 4578 Toup.
659 4503 705 4560 ubi
728 4521 812 4577 supra
901 4499 995 4564 ‘Liv.
1010 4505 1034 4564 1.
1050 4511 1100 4568 27.
