3196 5100
177 347 305 452 insen.
334 343 393 420 ln]
747 349 818 430 227
897 403 901 412 .

254 525 296 596 P.
314 537 349 595 2.
376 525 399 595 l.
419 536 454 597 s.
496 523 679 601 Recenno
708 524 885 598 donorum
916 545 962 598 ss
991 520 1047 600 his
1080 520 1201 606 verbis
1226 518 1375 600 croisa.

174 661 661 733 §intumentium
713 653 805 730 Hoec
831 653 869 728 in
894 655 1035 730 duabus
1062 677 1147 750 quae
1173 661 1379 747 sequuntur

175 779 340 873 pertibus
368 803 436 853 nec
466 789 603 866 extant,
624 765 700 856 ‘nac
727 804 888 877 unquam
922 780 1088 856 extitere.
1142 779 1215 855 Sed
1245 779 1376 855 lacuna

157 925 223 975 -ex
245 903 359 976 altero
384 905 498 979 latere
529 907 635 979 facile
661 905 821 1002 suppleri
848 917 976 1001 potest.
1030 906 1085 977 lbi
1118 904 1214 978 enim
1243 903 1379 1001 iegitur

174 1031 214 1105 in
255 1033 358 1108 initio
401 1038 572 1112 secundm
619 1035 854 1118 recensionis,
900 1039 1377 1127 §intumentum

174 1169 598 1242 ΑΠΟΡΡΜΝΟΝΤΑΙ.
650 1163 792 1254 Quibus
819 1163 1042 1262 temporibus
1065 1162 1181 1237 altera
1210 1173 1248 1238 et
1270 1160 1378 1236 tertia

175 1291 338 1363 recensio
366 1291 472 1364 factoe
506 1304 603 1378 runt,
633 1294 768 1380 forsan,
794 1317 978 1366 sacrorum
1009 1315 1130 1378 causa,
1157 1315 1179 1374 c
1205 1314 1271 1372 suo
1294 1291 1375 1363 loco
1471 1349 1480 1360 .

173 1427 339 1510 ereptum
366 1417 486 1491 fuerat
512 1422 696 1516 poculum.

251 1549 291 1620 P.
308 1561 341 1618 2.
369 1549 445 1622 Ι..8.
493 1559 650 1625 Erotion·
690 1554 748 1626 Ita
772 1557 808 1626 in
834 1577 1021 1628 marmore.
1075 1553 1212 1626 Eadem
1233 1550 1376 1624 incuria
1513 1549 1517 1555 “

172 1675 268 1748 infra
284 1677 306 1748 l.
322 1689 383 1748 35.
411 1688 627 1756 ΑΘΕΝΑΙΣ
654 1705 720 1777 pro
753 1679 1018 1759 ΑΘΕΝΑΙΑΣ.
1071 1681 1158 1756 Nsc
1179 1681 1301 1754 forsan
1326 1683 1375 1755 ab

169 1805 241 1877 aiis
259 1831 366 1878 ceusu
388 1829 497 1902 quam
517 1811 711 1906 sculptoris
729 1813 872 1884 incuria
889 1825 969 1885 orta
987 1822 1043 1888 est
1065 1835 1111 1886 ea
1130 1809 1376 1886 inconstantia

172 1963 281 2034 quam
327 1963 409 2012 cum
442 1941 480 2012 in
526 1943 597 2016 hoc
635 1953 710 2012 tum
745 1944 780 2014 in
814 1944 895 2014 aliis
929 1943 1181 2026 marmoribus,
1208 1942 1373 2014 uidemus

168 2085 282 2170 atque
317 2077 499 2148 miramur.
555 2076 611 2147 Ite
646 2077 669 2147 Ι.
702 2089 735 2148 5.
766 2083 1000 2151 ΡΡΟΝΕΟΙ.
1037 2091 1073 2146 et
1105 2087 1229 2170 postea
1263 2076 1286 2147 l.
1315 2086 1376 2145 36.

173 2199 458 2287 roousion).

249 2315 292 2387 L.
317 2327 372 2402 13,
401 2329 458 2386 14.
512 2316 699 2388 Lacunam
725 2317 782 2390 hic
812 2315 959 2412 expiere
984 2338 1140 2410 nequeo.
1195 2315 1376 2411 Imprimis

172 2444 347 2516 habemus
373 2445 495 2518 Φιᾶλαι
518 2445 666 2540 ἆρ’γνραῖ
700 2453 726 2516 s'
768 2445 923 2528 σταθμὸν
956 2439 1085 2516 τούτων
1126 2451 1379 2517 ΗΗΗΗΔὲΗ·

173 2571 597 2666 qusepequunturiiterae
609 2579 681 2643 ΑΡ.
709 2572 809 2645 Tum
822 2572 860 2644 in
873 2571 970 2644 linea
981 2575 1280 2668 quatuordecima
1293 2585 1378 2670 post

175 2710 276 2794 notas
296 2709 351 2791 Η,
368 2704 650 2802 οκῐνηῐἉρὙνρὶν
669 2713 681 2776 1
701 2707 993 2795 necopinantem
1009 2717 1100 2803 [ΒΔ.
1145 2709 1188 2780 ln
1207 2706 1377 2782 recondis

173 2841 211 2902 et
256 2833 370 2905 tertiis
414 2837 578 2929 partibus
630 2838 726 2910 inter
771 2841 916 2910 easdem
967 2842 1094 2914 Φιάλας
1147 2844 1376 2940 eandemque

172 2957 343 3057 Ἀργυρῖδὰ
369 2963 449 3032 hoec
472 2962 688 3056 injiciuntur
712 2965 862 3058 Ἁργνρῖς
888 2972 901 3034 l
923 2967 1074 3046 σταθμόν
1094 2968 1221 3050 maim·
1244 2975 1372 3039 HAiP.

177 3093 343 3184 Ποῶῆρινν
373 3091 542 3186 ἀργυροῦν
575 3093 730 3194 στᾳθμδν
761 3091 885 3161 τούτου
900 3144 907 3161 .
922 3098 1075 3178 ΔΔΔΔ,
1109 3095 1377 3190 quinquaginta

173 3245 225 3292 sc.
263 3243 343 3290 cum
377 3243 441 3291 sex
475 3220 600 3294 literis.
665 3221 738 3292 Sed
772 3219 809 3291 in
843 3219 959 3314 prima
991 3229 1106 3316 parte,
1140 3221 1272 3292 lacuna
1302 3247 1376 3295 non

176 3349 246 3422 nisi
281 3351 520 3448 quadraginta
556 3352 720 3449 quinque
754 3350 917 3445 recipere
948 3359 1080 3444 potest.¹
1130 3349 1187 3422 Ex
1213 3350 1378 3446 hisquae

176 3463 302 3555 entant
342 3489 405 3553 ΑΡ
440 3483 526 3553 satis
561 3483 757 3557 ostendunt
796 3481 892 3551 iliam
926 3476 1102 3576 Ἀργυρὶδα
1137 3477 1196 3557 cui
1235 3479 1379 3572 pondus

180 3617 298 3682 ΗΔΗ·
316 3611 351 3680 in
371 3635 549 3684 marmore
572 3613 656 3683 olim
676 3611 858 3696 extitisse;
883 3611 1064 3704 quomodo
1081 3621 1203 3682 eutem
1219 3608 1382 3704 ποτήριον

179 3750 383 3848 iiiud'injici
403 3752 514 3845 possit
530 3753 628 3824 haud
644 3751 759 3824 video.
801 3747 900 3822 Nam
916 3759 1091 3842 praeterea
1110 3748 1207 3842 quod
1225 3745 1377 3841 spatium

179 3890 296 3953 tantas
330 3882 451 3954 literas
485 3907 616 3979 capere
647 3891 820 3976 nequeat,
855 3889 979 3951 extant
1015 3880 1052 3950 in
1087 3879 1183 3949 linea
1210 3885 1379 3971 quatuor·

180 4009 321 4080 decima
363 4021 461 4083 notae
508 4019 553 4082 Η·
593 4033 676 4105 quae
710 4011 824 4080 hocce
871 4010 1032 4105 ποτήριον
1079 4005 1260 4100 respicere
1306 4029 1378 4075 non

179 4147 342 4230 possunt,
378 4147 417 4208 ut
461 4137 575 4209 cuivis
614 4137 754 4210 tertiam
797 4147 937 4231 partem
978 4133 1186 4230 inspicienti
1230 4131 1380 4228 patebit.

183 4263 260 4336 Illic
307 4266 403 4337 enim
453 4267 531 4340 haec
578 4266 753 4338 habemns
801 4266 967 4364 βοτήρων
1016 4266 1184 4362 ἀργυροῦν
1233 4260 1386 4342 σταθμὸν

182 4395 305 4472 τούτου
329 4407 481 4474 ΔΔΔΔ.
509 4423 577 4473 nec
605 4397 642 4471 in
668 4420 713 4471 eo
739 4399 820 4472 loco
848 4399 930 4471 duae
955 4397 1070 4470 literae
1098 4396 1196 4494 injici
1223 4403 1385 4488 possunt.
1456 4425 1461 4440 ·
