3218 5116
813 376 880 444 158
970 389 973 396 ’
1208 383 1358 467 [conss.
1383 383 1448 451 lli.

249 551 411 640 iseerim,
439 551 482 625 iis
514 573 598 651 qure
633 547 829 630 vuum
861 555 909 626 de
939 569 986 628 eo
1022 552 1253 650 disputarunt
1266 559 1291 648 ¹,
1315 559 1449 658 adjleiu

248 689 340 760 heac.
384 684 598 762 Homericis
614 689 838 786 temporibus
856 689 986 785 peplus
997 699 1076 760 'luni
1091 695 1345 788 tegumentum
1362 683 1449 784 erar,

248 828 324 890 rum
349 818 614 910 indumentum,
640 823 739 918 quod
755 821 890 895 tunicae
910 821 1193 920 superinjectam
1214 842 1281 920 per
1303 825 1447 898 omneni

247 949 370 1022 lateris
397 951 661 1050 longitudinem
680 953 801 1027 fibulis
823 931 1153 1052 adstringebulur',
1181 946 1267 1025 satis
1287 953 1446 1052 amplum

248 1088 285 1151 et
310 1079 527 1178 plerumque
563 1097 631 1156 eeu
663 1083 883 1155 distinctum.
938 1082 1021 1172 Quo
1051 1102 1133 1154 cnm
1163 1081 1333 1156 Minerua
1355 1097 1448 1179 'prae‘

248 1216 352 1312 cipue
389 1203 580 1316 gauderet,
615 1220 723 1318 liujus
764 1219 870 1291 etiam
911 1220 1017 1315 signu
1048 1215 1200 1290 ior'mard
1243 1211 1446 1294 vestimenti

247 1348 446 1421 remissime
482 1349 796 1421 demonstrabunt.
849 1345 922 1420 Sed
947 1345 1158 1421 adhibendo
1187 1357 1328 1420 tanturn
1365 1361 1445 1448 que

246 1492 325 1554 erte
362 1479 549 1552 Phidiaca
575 1481 696 1577 priora
725 1491 822 1566 sunt,
860 1480 979 1575 prisca
1014 1479 1134 1552 Pallas
1172 1477 1264 1552 villae
1300 1478 1444 1568 Albani,

248 1607 440 1681 Dresdanu
455 1614 570 1694 relus,
598 1607 824 1705 AEginetica,
849 1618 886 1681 et
904 1628 986 1706 quae
1012 1607 1097 1680 huic
1114 1604 1303 1704 persimilis
1329 1609 1445 1683 fertur

246 1717 541 1809 Herculanensis.
597 1735 700 1811 Adde
735 1762 820 1811 vasa
855 1739 1071 1835 antiquiora,
1099 1733 1212 1835 nigris
1239 1761 1283 1811 ea
1315 1723 1439 1838 liguris

246 1866 368 1962 piela3
403 1879 439 1939 et
474 1873 685 1941 io'reurnala
726 1869 851 1968 figlina
862 1869 885 1940 ³.
938 1867 1005 1942 Eae
1042 1868 1232 1966 imagines,
1269 1881 1442 1965 quantuni

246 1997 423 2083 novimus,
454 2022 579 2071 omnes
619 1999 764 2099 longam
802 2024 911 2096 supra
943 1999 1102 2071 tunicam
1136 2008 1271 2102 vpslem
1309 1991 1444 2073 habent

237 2129 343 2204 nullo
376 2131 526 2231 cingulo
558 2131 775 2219 redimitam,
813 2131 914 2204 tenui
947 2127 1070 2226 panno
1106 2131 1320 2219 confectam,
1364 2157 1443 2230 per-

244 2264 413 2359 amplam,
441 2246 583 2336 curiose
607 2261 787 2360 plicatam.
840 2259 1001 2360 insignis
1033 2261 1186 2333 maxime
1216 2263 1338 2336 clavus
1360 2237 1444 2360 *qui-

245 2398 326 2470 dem
350 2397 426 2469 sive
448 2396 535 2467 lives
559 2397 688 2466 ceteris
717 2395 914 2490 aliquando
941 2392 1045 2466 latior
1077 2390 1122 2463 de
1150 2393 1270 2465 medio
1294 2411 1444 2490 corpore

242 2528 455 2606 decurrens,
478 2521 541 2615 qui
564 2522 673 2592 etiam
698 2523 796 2617 apud
819 2523 974 2618 populos
994 2521 1088 2594 Asiae
1110 2523 1265 2596 maxime
1286 2521 1441 2598 decorus

242 2653 467 2728 urebatur:
497 2653 567 2724 hoc
584 2671 670 2724 usus
694 2663 749 2724 est
767 2652 927 2749 sculptor
944 2652 1101 2728 Palladis
1125 2656 1340 2742 Dresdanoe,
1368 2681 1441 2754 quo

241 2781 440 2878 figuramur
449 2781 562 2879 peplo
579 2779 851 2855 Panathenaico
865 2759 1140 2856 intertextarum
1157 2797 1300 2881 purten
1316 2787 1440 2860 sellem

241 2914 430 2984 nnmmode
463 2885 693 2986 exhiberem
766 2913 840 2985 Sed
875 2913 1030 2986 observa
1062 2916 1209 3010 peplum
1247 2934 1329 2989 eum
1367 2940 1440 2992 non

240 3025 435 3119 auricularii
460 3047 534 3118 sive
551 3047 697 3143 pallium
716 3047 834 3120 luisse
851 3046 915 3119 sed
931 3045 1195 3136 indumentum,
1221 3047 1279 3120 eui
1298 3063 1442 3143 semper

239 3176 326 3272 aegis
360 3185 398 3260 et
430 3175 610 3248 interdum
646 3176 754 3250 eliam
786 3177 921 3288 pallula
956 3176 1118 3273 quaedam
1156 3173 1351 3270 (διπλοΐδιον
1383 3174 1440 3248 vel

240 3299 504 3400 luidwidum)
528 3307 767 3405 super-ispania
797 3319 859 3381 eat.
901 3305 996 3379 Cum
1030 3326 1116 3382 vero
1151 3308 1320 3383 Pericleo
1350 3319 1439 3382 nem·

233 3613 235 3618 .
280 3533 349 3595 ¹V.
379 3530 507 3610 inprimis
534 3535 657 3595 Boeckh.
681 3537 810 3610 tragicor.
863 3531 954 3592 Musei
972 3535 1021 3592 l'io
1035 3521 1149 3594 CLIV.
1164 3537 1203 3594 lb.
1219 3535 1264 3594 16.
1307 3532 1437 3594 Viscorir.

239 3627 343 3704 pn'ncc.
358 3649 386 3703 p.
406 3631 474 3696 19'2.
862 3649 889 3704 p.
906 3637 936 3690 8.
1224 3689 1233 3704 ,
1288 3685 1292 3694 ,

278 3723 369 3780 ¹Od.
383 3723 419 3779 Σ.
435 3728 505 3793 291.
543 3719 810 3780 Cl.Callim.Lav.
900 3721 1044 3778 ⁴Bekker
1072 3721 1192 3794 August.
1219 3718 1244 3790 I,
1269 3719 1322 3778 iv.
1366 3719 1431 3778 Nou

237 3813 312 3878 Pell.
328 3817 378 3887 70.
402 3827 430 3877 et
454 3817 548 3878 Schol.
576 3823 612 3878 od
637 3819 670 3877 ll.
682 3815 717 3876 E.
739 3815 809 3884 734.
861 3815 943 3891 plone
956 3817 1093 3876 consentit
1107 3816 1259 3892 Boettiger.
1289 3813 1435 3875 Archaeol.

237 3912 327 3974 Erant
341 3912 415 3992 pepli
432 3916 499 3992 picti
519 3917 591 3975 inter
608 3931 715 3972 merces
730 3902 811 3978 l'hoe-
860 3913 1030 3971 adumbrata
1045 3933 1072 3988 p.
1088 3918 1138 3974 53.
1172 3909 1228 3970 Sed
1241 3907 1334 3966 hercle
1347 3923 1436 3983 quam

236 4011 341 4071 ninum.
383 4008 416 4070 ll.
432 4013 464 4072 Z.
476 4019 546 4082 289.
733 3999 763 4022 ”
861 4007 973 4065 dissona
993 4009 1110 4066 intense
1127 4005 1254 4064 Cieurer.
1277 4003 1378 4078 Symb.
1395 4003 1436 4061 ll.

276 4107 343 4166 'ln
355 4107 465 4168 collect.
480 4109 551 4166 Lud.
571 4109 676 4166 Semux
689 4091 807 4181 d’Agin-
860 4123 888 4180 p.
918 4105 1057 4190 809.¹·sq,
1118 4103 1178 4161 Nos
1213 4111 1277 4158 'curn
1314 4099 1436 4178 antiquis

235 4212 315 4263 court
331 4203 371 4280 pl.
386 4185 567 4272 x11.9.'.ubi
588 4195 725 4262 hieroduli
746 4204 808 4260 duae
859 4201 1040 4278 scriptoribus
1073 4201 1204 4259 omnibus
1239 4197 1436 4273 distinguimus

235 4291 374 4356 Laconica
388 4301 497 4354 reslitae
517 4299 627 4356 Palladi
646 4319 727 4358 saera
744 4318 808 4374 per-
858 4300 929 4356 iuter
957 4300 1121 4358 Minervam
1150 4295 1293 4356 Poliodem
1320 4297 1348 4352 in
1376 4295 1436 4352 aede

235 4401 331 4466 agunt.
374 4391 420 4454 cf.
439 4392 524 4451 etiarn
548 4391 709 4453 Minervam
735 4393 807 4452 Poli-
860 4389 982 4455 Polisdis
1002 4407 1032 4454 et
1055 4395 1247 4476 Πάρθενον
1268 4393 1297 4450 ἰιι
1320 4389 1436 4486 Parthe-

235 4487 317 4545 adem
345 4505 408 4545 cum
438 4497 562 4565 serpeule
583 4487 616 4546 in
642 4484 809 4550 candelabro
859 4507 943 4547 noue.
