3158 5104
161 475 294 542 insen.
312 463 433 558 Xlli.]
754 464 800 544 ⁸7

162 653 322 750 quando
336 649 468 724 cultum
489 671 569 722 esse
581 645 774 718 ostendere
789 652 951 717 conatur.
981 641 1245 716 Bartbelemius
1263 663 1371 716 voces

163 791 248 860 Osos
266 789 371 880 Τυχα
390 777 658 878 tuosisjunxit
677 786 714 848 et
731 796 813 849 cum
833 782 952 853 Σαοτις
968 797 1034 871 pro
1052 781 1214 873 Σωτειρα,
1230 772 1373 872 vulgati

159 945 212 996 sc.
243 919 424 994 Fortunae
442 915 645 1014 agnomine
657 914 680 1000 ¹,
703 914 836 987 dietum
857 913 1048 1010 putaverit,
1073 915 1125 987 itn
1146 911 1266 1001 vertit,
1290 910 1373 986 Dea

162 1051 344 1126 Fortuna
377 1048 640 1124 commanis.
705 1047 967 1120 Siebenkeesio
993 1048 1159 1120 arbitrari
1192 1046 1289 1120 visus
1320 1053 1375 1118 est

162 1183 441 1258 Bartbelemius
456 1181 626 1256 luminum
647 1193 802 1255 nostram
822 1181 1008 1255 continere
1026 1182 1211 1255 decretum
1229 1177 1373 1277 hospitii

161 1316 308 1412 publici
333 1316 370 1388 in
395 1315 570 1390 Fortunas
597 1315 879 1416 Conservntrieis
897 1295 1038 1413 ‘templo
1061 1313 1249 1388 contracti.
1302 1306 1373 1385 Cui

162 1448 366 1523 sententias
382 1458 479 1522 recte
497 1447 655 1522 occurrit
673 1448 988 1534 Siebeniieesius',
1009 1471 1143 1546 rogans
1161 1445 1309 1519 ubinam
1328 1443 1375 1518 sit

164 1583 271 1657 urbis
296 1571 550 1657 ben'efectricis
571 1608 718 1672 nomen,
747 1587 844 1681 quod
865 1585 902 1658 in
924 1583 1070 1682 publico
1086 1585 1232 1656 decreto
1257 1580 1373 1654 omitti

164 1719 327 1816 nequire
357 1692 484 1793 omnes
508 1717 652 1806 vident3
686 1718 952 1793 Bartbelemius
976 1730 1095 1793 tamen
1120 1716 1229 1790 vertit
1252 1722 1277 1753 ‘³
1290 1697 1374 1788 Dea
1463 1727 1465 1732 ’

161 1845 324 1939 fortuna
349 1844 602 1919 conservatrix
624 1839 691 1916 dot
713 1842 880 1918 Sioaeuiae
905 1848 992 1937 ⁸5⁶·'’
1038 1869 1121 1943 quae
1143 1844 1230 1942 quid
1251 1841 1375 1930 veiint,

167 1997 295 2068 nemo,
325 1955 447 2065 credo,
477 1975 682 2076 intelligere
711 1985 839 2073 potest.
891 1973 992 2050 Tum
1021 1974 1181 2050 lunzius
1208 1976 1255 2050 de
1283 1975 1375 2049 urbe

168 2113 331 2209 quadam
358 2108 599 2206 antiquissimi
631 2110 805 2184 Luceniae
837 2109 961 2207 populi
988 2109 1249 2184 Sontinorum³
1276 2097 1376 2210 cogi·

169 2242 275 2330 tavit,
304 2252 342 2316 et
370 2248 402 2313 N
427 2237 555 2314 eodem
582 2243 687 2316 modo
714 2242 771 2315 bic
793 2243 952 2342 ‘ejectum
980 2241 1114 2328 statuit,
1142 2265 1215 2339 quo
1242 2265 1262 2314 e
1288 2260 1379 2314 voce
1448 2267 1453 2294 ·

173 2371 414 2460 Limonum,
441 2397 525 2470 quae
547 2372 741 2469 aliquando
761 2349 956 2446 biternum
977 2369 1159 2444 scribitur.
1209 2372 1266 2445 lta
1287 2393 1377 2471 ergo

173 2505 322 2579 initium
341 2502 584 2600 inscriptionis
601 2507 719 2577 vertit.
839 2503 841 2510 ’

250 2640 277 2672 “
290 2630 378 2705 Deo
401 2633 577 2732 sustuna,
622 2631 744 2728 (urbs)
781 2629 901 2707 Sontis
932 2633 999 2706 dot
1033 2629 1199 2708 stetu
1231 2629 1377 2708 tombs

173 2763 267 2840 tum
296 2770 358 2860 ⁸5⁶·

254 2899 329 2972 Sed
347 2909 446 2973 reete
474 2897 754 2974 Siebenkeesius
778 2902 897 2976 Σόοτις
924 2896 1026 2976 didon
1050 2924 1117 2998 pro
1145 2901 1284 2986 simitu
1311 2909 1379 2976 τῶν

179 3039 350 3106 Sambos·
366 3028 468 3107 δίδωτι
485 3034 579 3106 bene
608 3034 679 3107 dici
696 3055 802 3132 posse
820 3045 942 3134 negat,
958 3059 1040 3108 cunr
1058 3036 1095 3108 in
1116 3033 1215 3107 nullo
1233 3033 1377 3107 urbium

177 3166 328 3239 decreto
362 3166 433 3240 tate
463 3166 639 3264 quioquid
677 3174 786 3240 extet.
840 3166 1029 3240 Sebowius
1063 3177 1146 3264 post
1175 3169 1255 3246 θεὸς
1282 3167 1371 3270 Τόχι

177 3299 292 3374 verbs
327 3299 412 3378 ἱλέος
441 3303 491 3385 εἴη
526 3299 709 3373 subaudiri
741 3309 911 3397 putatet
944 3299 1023 3372 haec
1053 3295 1165 3372 addit.
1223 3303 1247 3340 “
1257 3297 1380 3374 Verbo

183 3437 304 3511 Σαοτις
327 3428 428 3505 dadon
448 3465 479 3504 κ.
492 3464 526 3505 τ.
540 3441 575 3504 λ’.
602 3431 724 3528 paullo
740 3429 912 3530 ambigua
941 3441 1035 3518 sunt,
1060 3440 1097 3504 et
1114 3432 1279 3520 obscura,
1297 3449 1380 3529 quae

178 3575 302 3636 nutem
331 3562 380 3635 itu
404 3561 645 3664 intelligendu
667 3586 748 3637 esse
770 3586 865 3647 reor,
893 3561 1011 3636 Sootis
1031 3564 1094 3638 dut
1121 3561 1288 3640 &cronice
1315 3563 1379 3638 do·

177 3712 282 3762 mum
313 3688 351 3784 (i.
372 3715 406 3763 e.
435 3689 706 3784 dubitationem)
742 3699 775 3764 et
796 3701 929 3765 oaetera
953 3693 1090 3780 omnio,
1126 3693 1164 3788 (i.
1184 3719 1218 3768 e.
1246 3702 1379 3767 cetera

178 3819 317 3908 omnib,
336 3839 419 3918 quot
435 3829 576 3914 proter
589 3819 851 3894 bobitotirmom
867 3820 1073 3896 necessario
1091 3823 1227 3917 suut.'’)
1280 3819 1380 3895 Hee-

180 3951 303 4025 renius
322 3954 449 4025 eodem
469 3957 576 4027 modo
594 3979 666 4054 quo
685 3955 950 4029 Bartbelemius
967 3955 1083 4052 prima
1100 3957 1213 4030 verba
1227 3954 1379 4054 inserip-

179 4083 291 4158 tionis
309 4086 468 4183 explicat
476 4087 502 4159 ⁴.
550 4087 683 4161 Postea
704 4089 851 4188 (mirum
872 4089 990 4184 dictu)
1012 4088 1063 4162 itu
1087 4088 1206 4162 locum
1226 4087 1380 4164 ordinat.

220 4302 230 4335 ¹
253 4304 754 4384 Platcmsy1.p.4rs.sd.snran.
848 4315 860 4349 ³
880 4309 973 4389 Hujus
995 4309 1070 4368 urbis
1089 4310 1225 4368 memoria
1238 4311 1303 4387 jam
1325 4310 1381 4369 Pt-

183 4397 270 4458 iuser.
301 4401 464 4479 Agrigent..
482 4403 555 4478 apud
589 4405 754 4465 Torrentur.
806 4405 845 4464 nii
866 4413 992 4483 tempore
1009 4422 1089 4482 poene
1116 4405 1267 4465 interierat.
1307 4405 1381 4464 Piin.

182 4491 271 4555 lusor.
286 4494 344 4556 Sic.
358 4499 418 4560 No.
430 4503 480 4567 79.
495 4503 545 4560 82.
807 4503 878 4564 Nat.
900 4503 978 4562 Hist.
1000 4501 1049 4561 lib.
1065 4501 1119 4560 111.
1140 4521 1166 4563 e.
1180 4507 1210 4570 7.

223 4591 235 4624 ²
256 4593 429 4662 sistentes
444 4596 490 4658 ubi
503 4612 599 4678 supra,
613 4615 642 4678 p.
653 4605 702 4659 21.
844 4597 856 4632 ⁴
877 4597 999 4659 Heeren.
1012 4599 1059 4660 ubi
1072 4616 1164 4674 supro,
1182 4617 1211 4678 p.
1225 4600 1253 4658 δ.
1295 4595 1380 4660 “Die
