3222 5104
378 907 675 992 ADDENDA
711 925 767 988 nr
803 902 1222 988 OORRIGENDA.

734 1186 872 1232 -ψ-

280 1402 457 1490 Pnonuc.
483 1448 516 1510 p.
530 1446 601 1490 xrr.
649 1421 702 1488 De
724 1421 819 1489 literis
836 1447 878 1510 ug
895 1437 926 1488 ct
950 1442 1055 1486 earum
1074 1419 1333 1505 pronunciatione
1352 1424 1407 1486 cf.

205 1523 344 1590 Marium
360 1522 553 1588 Victorinum
570 1548 606 1608 p.
616 1524 715 1589 2463.
731 1545 782 1608 sq.
840 1581 846 1590 .

278 1622 317 1685 Ρ.
337 1631 384 1695 19.
427 1619 594 1708 Inscriptio
612 1619 773 1688 Leucadio
799 1619 893 1686 hodie
913 1625 999 1706 apud
1018 1617 1157 1686 Nauium
1174 1617 1327 1706 venetiis,
1346 1619 1394 1682 vel

202 1718 307 1804 potins
326 1743 426 1806 prope
444 1720 593 1786 Venetias
612 1732 795 1785 asservatur.
846 1717 922 1784 Hoc
941 1744 990 1786 me
1013 1715 1134 1786 monuit
1159 1715 1277 1782 amicus
1300 1715 1331 1780 in
1348 1714 1395 1779 in·

201 1820 269 1884 sula
299 1818 400 1884 Corfu
426 1819 555 1906 degens,
580 1843 652 1884 curn
684 1816 771 1902 illum
795 1821 920 1882 tandem
947 1839 1105 1904 rogassem
1130 1828 1165 1878 ut
1191 1817 1260 1904 ejus
1282 1813 1394 1899 lapidis

137 1949 140 1958 ·
199 1918 414 2002 apographum
437 1917 468 1982 in
485 1941 591 1982 meum
608 1938 698 1982 usum
717 1917 897 1982 conficeret.
950 1917 1068 1983 Postea
1085 1913 1252 1980 G'roeculus
1265 1913 1392 1999 quidam

199 2014 340 2079 Venetiis
361 2017 477 2098 degens
496 2013 615 2080 Comiti
629 2016 669 2078 de
686 2011 836 2078 Guilford
850 2035 884 2075 se
901 2011 977 2077 iliud
998 2037 1080 2099 opus
1097 2010 1306 2096 praestiturmn
1324 2034 1393 2074 esse

200 2111 360 2194 pollicitus
384 2127 443 2176 est.
494 2111 557 2176 Sed
581 2112 677 2175 eheu!
711 2107 825 2175 Graeca
860 2108 938 2173 fides
964 2113 1074 2175 eadem
1100 2120 1148 2172 est
1172 2106 1267 2171 hodic
1298 2131 1335 2172 ac
1360 2107 1392 2172 in

199 2208 321 2276 saeculis
347 2208 513 2292 prioribus.

223 2321 233 2342 '
275 2308 382 2372 P.sr.
429 2304 645 2391 InscriptioV.
700 2303 780 2370 Haec
810 2302 971 2390 inscriptio
999 2305 1030 2369 iu
1056 2303 1162 2373 MSS.
1193 2304 1394 2369 Fourmonti-

198 2405 265 2470 anis
292 2407 373 2470 hand
401 2417 525 2469 notatur
552 2397 830 2493 “Axoupssoisoss'
861 2415 896 2467 ut
920 2403 993 2480 disi,
1027 2405 1082 2468 sed
1104 2390 1394 2492 “-Xpnorodonnos

202 2496 376 2591 Παξυξα,”
401 2518 436 2569 ut
465 2500 558 2567 hodic
591 2526 609 2565 e
637 2500 714 2566 meis
740 2498 867 2567 schedis
894 2515 990 2588 patet.
1043 2501 1115 2566 Nec
1141 2501 1210 2566 scio
1233 2505 1394 2586 quomodo

199 2614 318 2668 tanturn
344 2625 404 2687 ego
429 2605 583 2687 deceptus
609 2599 678 2666 sim.

272 2700 310 2765 P.
325 2703 378 2768 46.
423 2698 507 2765 Cum
525 2724 679 2789 rsnropor
696 2719 877 2782 comparare
899 2702 945 2765 fas
974 2714 1023 2765 est
1044 2692 1080 2766 riv
1095 2691 1232 2794 rprdpp
1251 2687 1390 2790 ἔχεσθαι

196 2798 227 2863 in
244 2798 397 2868 Teiorum
414 2797 486 2864 diris
504 2799 588 2883 apud
602 2796 756 2863 Chishull.
774 2819 808 2880 p.
818 2801 871 2868 98.
1186 2873 1189 2880 Α

272 2899 312 2962 Ρ.
324 2907 378 2972 49.
431 2896 599 2981 Inscriptio
616 2894 764 2984 Deliaco.
810 2891 992 2960 Welckerus
1013 2900 1103 2985 cujus
1118 2895 1197 2958 liber
1213 2892 1388 2980 (Epigram.

197 2995 341 3060 Graecor.
371 2993 479 3079 Spicil.
501 2994 569 3059 An.
595 2993 699 3059 Boun.
719 2993 826 3068 1822.)
852 3016 915 3058 non
942 2993 1001 3057 nisi
1035 3006 1108 3079 post
1135 2995 1214 3057 hauc
1242 2991 1389 3077 paginam

195 3092 380 3178 impressam
398 3095 437 3158 ad
455 3116 505 3157 me
524 3091 635 3158 aliatus
652 3102 700 3157 est
716 3093 783 3156 haec
800 3092 894 3157 habet
911 3094 951 3156 de
971 3092 1069 3158 lusor.
1087 3090 1234 3158 Deliaca.
1287 3091 1325 3155 P.
1340 3100 1389 3156 ll.
1513 3092 1522 3110 '

198 3192 374 3265 Quomodo
404 3191 467 3276 legi
495 3193 609 3256 debeat
637 3188 812 3276 inscriptio,
832 3187 985 3256 incertum
1017 3215 1085 3256 csse
1115 3189 1230 3255 statuit.
1282 3188 1321 3253 P.
1341 3197 1389 3252 la.

196 3290 382 3364 “Quamvis
405 3291 492 3376 quod
510 3287 674 3354 Wheierus
697 3289 803 3367 docet,
826 3313 845 3352 a
872 3288 1096 3354 Toumefortio
1116 3290 1198 3353 haud
1222 3288 1390 3351 confirma·

196 3401 259 3467 tur,
283 3413 346 3455 uon
363 3386 495 3454 dubitari
514 3400 617 3474 potest
638 3391 796 3453 colossum
813 3411 832 3450 a
846 3385 956 3452 Naxiis
970 3388 1044 3452 olim
1058 3387 1269 3478 instauratum·
1279 3385 1387 3462 fnisse,

196 3511 261 3574 quo
279 3503 420 3573 tempore
438 3490 532 3552 verba
549 3485 717 3553 acrioribus
734 3485 830 3550 literis
847 3485 974 3571 scripta,
996 3485 1142 3572 apposita
1157 3508 1226 3550 esse
1243 3497 1390 3569 possunt.

195 3587 291 3660 Quod
311 3581 506 3652 D'Orvillins
521 3586 581 3650 hoc
595 3598 661 3649 turn
679 3587 798 3649 factum
815 3605 883 3649 esse
902 3598 1001 3669 putat,
1023 3608 1096 3651 cum
1115 3583 1225 3649 Nicias
1237 3581 1388 3648 theoriam

194 3684 315 3750 Delum
345 3689 486 3765 duceret,
513 3696 545 3749 ct
577 3682 715 3768 palmam
747 3681 913 3770 dedicaret,
938 3707 1031 3750 sensu
1054 3687 1148 3750 caret'.
1203 3681 1388 3746 Plutarchus

195 3798 320 3868 tempus
348 3777 469 3850 tacet.”
521 3781 577 3848 Do
609 3779 797 3848 Monolithis
825 3785 956 3848 advocat
982 3797 1093 3868 praeter
1117 3791 1261 3846 auctores
1291 3804 1309 3844 a
1336 3802 1387 3842 me

194 3880 304 3947 citatos
321 3887 367 3965 (p.
379 3890 432 3948 52.
450 3894 518 3946 not.
536 3880 584 3955 2.)
609 3882 715 3946 Strab.
733 3901 832 3950 xvir.
853 3905 887 3966 p.
901 3890 976 3952 807.
1277 3962 1280 3970 Ι

268 3977 421 4044 Corsinus
432 3979 531 4059 (Not.
548 3980 610 4044 Gr.
627 3978 754 4063 Proleg.
767 3979 861 4054 xvr.)
881 3980 965 4044 hunc
983 3979 1118 4064 lapidem
1135 3979 1283 4044 mendose
1298 3978 1384 4058 citat,

194 4090 227 4140 et
238 4080 323 4162 quod
337 4075 389 4142 alii
406 4097 516 4144 omues
533 4101 592 4164 pro
611 4079 694 4146 ΕΜΙ
711 4084 772 4158 (sc.
788 4075 877 4169 ΕΜ),
903 4078 955 4142 iile
971 4101 1029 4163 pro
1050 4079 1132 4145 ΕΙΜ
1153 4076 1279 4162 accipit.

269 4174 311 4239 P.
326 4183 378 4246 57.
432 4175 521 4242 Basia
556 4189 702 4262 argentea
729 4167 851 4262 ’γύψου
881 4168 990 4253 μεστή
1017 4189 1206 4241 memoratur
1237 4173 1268 4240 iu
1296 4175 1385 4243 Mus.

195 4271 310 4338 Veron.
327 4283 424 4359 pas.
477 4274 600 4341 Donat.
615 4299 648 4360 p.
663 4275 718 4349 69.
779 4287 782 4294 '

269 4372 309 4437 P.
324 4382 379 4447 98.
436 4368 560 4442 Καλός.
612 4374 707 4440 Plura
734 4377 807 4437 iasa
833 4373 865 4438 in
894 4372 1054 4439 Mazochii
1070 4371 1230 4438 Addendis
1258 4395 1292 4456 p.
1309 4381 1384 4438 553.

192 4483 309 4547 extant,
336 4472 494 4559 inquibus
511 4475 578 4540 hac
593 4497 652 4540 vox
668 4470 816 4538 occurrit.
870 4473 931 4538 Sed
948 4477 1053 4540 inuita
1067 4472 1133 4538 alias
1152 4469 1387 4556 Espiicationcs

753 4583 821 4650 ΒΗ
