3196 5100
209 372 335 442 lusor.
360 373 432 448 lV.]
757 377 829 455 239

206 575 362 647 persona
398 551 433 624 in
463 553 518 623 his
555 550 796 624 marmoribus
831 571 1022 644 nusquam,
1066 549 1242 645 quantum
1284 545 1405 632 scum,

205 691 413 774 usurpetur,
453 703 524 778 ego
569 678 710 752 mallem
760 689 1052 774 ΕΔΑΝΕΙΣ(ΘΕ
1106 687 1284 756 ΤΟΥΤΟ
1338 687 1410 754 ΤΟ

215 823 453 910 ΧΡΥΣΙΟΝ).
507 813 580 885 Sed
603 823 699 885 totus
721 813 821 885 loeus
840 812 1022 907 explicatu
1043 811 1197 886 difficilis
1222 822 1290 894 est,
1320 831 1405 880 cum
1454 897 1462 908 ·

205 943 305 1017 nulla
322 967 429 1016 causa
447 941 603 1037 proferri
624 941 736 1038 possit
753 962 866 1036 quare
892 941 930 1015 in
951 941 1157 1039 huJusmodi
1180 939 1312 1036 lepide,
1339 937 1406 1009 ubi

211 1095 257 1144 ea
283 1095 367 1167 quse
398 1096 420 1144 e
448 1071 650 1144 Thesauris
678 1071 806 1143 hausta
830 1080 914 1143 sunt
945 1079 1203 1155 memorantur,
1230 1091 1409 1142 menore·

208 1209 271 1270 tur
290 1221 435 1295 quoque
449 1172 589 1270 fructus
605 1197 735 1292 aliquis
753 1198 922 1292 pecuniae
936 1223 957 1270 e
975 1199 1146 1271 thesauro
1162 1210 1289 1272 mutuo
1300 1201 1406 1270 dalle.

211 1325 260 1412 Et
284 1325 441 1401 dubitari
460 1335 579 1421 potest
595 1349 643 1396 an
669 1347 740 1398 vox
763 1328 845 1410 τιμὴ
865 1349 930 1421 pro
947 1325 1045 1400 τόκος
1061 1351 1222 1423 unquam
1239 1336 1407 1423 ponatur.

208 1457 250 1528 ld
274 1467 373 1530 certe
398 1455 611 1540 tenendum,
632 1453 669 1527 in
687 1445 892 1552 hujusmodi
915 1456 1032 1551 lapide
1053 1480 1126 1528 non
1150 1457 1408 1554 nisirulgares

207 1582 400 1658 uerborum
419 1603 546 1656 seusus
563 1581 805 1674 expectandos
820 1604 911 1654 esse.

284 1709 327 1782 l.
345 1707 381 1784 6,
426 1719 988 1795 ΕΕΔΟΣΑΝΑΘΥΟΘΕΤΑΙΣ,
1039 1708 1268 1782 Chandlerus
1289 1709 1408 1782 locum

209 1839 259 1910 ita
275 1839 396 1934 explet
412 1849 817 1934 (ΗΟΙΔ)ΕΕΔΟΣΑΝ.
867 1839 1053 1912 Biieklsius
1073 1847 1396 1935 (notrorum

210 1976 411 2054 ΔΟΣᾼΝ..
460 1967 600 2044 Nescio
644 1977 852 2040 annecte.
909 1968 1024 2039 Oblili
1070 1979 1156 2040 sunt
1178 2001 1181 2009 ·
1200 1969 1321 2055 ambo,
1369 1978 1410 2039 ut

209 2097 298 2168 rnilri
331 2095 485 2180 videtur,
520 2097 624 2188 plura
658 2093 768 2164 verba
803 2103 883 2184 post
917 2102 1129 2169 ΕΔΑΝΕΙΣ
1163 2097 1201 2166 in
1236 2096 1334 2168 linea
1369 2109 1405 2167 5.

210 2223 405 2320 injicienda
424 2242 514 2318 esse.
566 2219 745 2308 Quaenam
772 2227 893 2287 aulem
920 2216 979 2289 illa
1002 2219 1113 2290 ver-be
1139 2242 1220 2291 esse
1237 2233 1403 2313 possunt,

209 2351 240 2423 si
274 2369 366 2419 novo
397 2347 458 2418 nte
492 2343 669 2418 sententio
696 2337 881 2412 ordiatur?
917 2339 959 2412 ln
992 2341 1228 2437 inscriptione
1259 2345 1405 2442 quidem

205 2470 475 2556 Clsoiseuliana,
524 2467 681 2564 pecunia
727 2493 748 2538 a
790 2467 1042 2556 Quaestoribus
1087 2469 1270 2544 Minervas
1313 2469 1402 2568 ipsis

206 2601 424 2676 Atblouetis
442 2604 524 2676 data
543 2614 608 2676 est.
661 2599 733 2672 Sed
757 2622 831 2672 reru
858 2597 1105 2694 pecuniariam
1126 2600 1405 2676 Atheniensium

208 2732 303 2802 haud
345 2734 428 2804 satis
476 2732 646 2806 callemus
689 2701 731 2801 ul
767 2729 903 2824 aliquid
949 2734 1121 2805 audacter
1168 2735 1406 2825 proferamus.

209 2859 392 2934 Bockhius
431 2859 613 2930 Minervae
654 2859 864 2944 Quaestores
902 2854 1176 2932 Hellenotemiis
1212 2863 1404 2956 pecuniam

211 2995 337 3058 mutuo
354 2986 496 3056 dedisse
514 2993 626 3076 putat,
651 2981 718 3050 hos
733 2989 853 3050 autern
871 2981 1024 3052 eandem
1045 2986 1214 3076 pecuniae
1232 3009 1408 3060 summam

208 3135 291 3184 curn
319 3113 397 3206 ejus
425 3109 545 3179 fructu
568 3105 786 3176 Athlothetis
817 3103 1021 3190 tradidisse,
1048 3109 1098 3178 ita
1127 3121 1166 3178 ut
1185 3111 1408 3184 Athlothetae

208 3263 274 3338 pro
309 3236 583 3311 Hellenotsmiis
612 3234 803 3330 pecuniam
842 3233 934 3306 Deae
971 3235 1223 3324 Quaestoribus
1258 3242 1409 3314 reddere

132 3401 142 3416 =
209 3368 411 3442 debuerint.
459 3427 464 3436 .

285 3495 378 3584 Quae
414 3498 448 3565 in
491 3496 562 3567 fine
597 3496 756 3592 ejusdem
791 3493 898 3568 tineae
931 3493 1168 3572 inueniuntur
1209 3497 1324 3573 literae
1358 3523 1416 3574 sc.¹
1463 3493 1491 3568 .’

212 3635 465 3704 ΑΜΕΜΡΤΟ
504 3649 546 3696 ea
591 3646 732 3722 nequeo
771 3623 964 3717 explicere.
1036 3625 1237 3710 Biiclrhius¹
1262 3628 1412 3724 conjicit

210 3764 476 3836 ΤΑΜΕΛΑνΑ
524 3756 586 3826 sed
630 3753 729 3825 falso.
795 3762 1048 3832 ΑΜΕΜΡΤΟ
1091 3758 1330 3850 proculdubio
1372 3758 1409 3830 in

210 3884 329 3979 lapide
356 3897 466 3956 extat.

289 4011 332 4084 L.
352 4025 385 4099 7.
414 4070 420 4083 .
435 4067 444 4081 .
460 4071 466 4084 .
479 4046 493 4087 s
506 4017 640 4112 εἰκοστῇ
652 4012 759 4108 ἡμέρᾳ
770 4017 1055 4106 τῆςΠρντανείας.
1093 4010 1209 4082 Recte
1223 4011 1409 4116 ldiickhius

211 4140 329 4212 locum
365 4141 542 4237 supplevit
573 4139 669 4234 (Ἐπὶ
689 4146 750 4224 τῆς
782 4134 953 4214 ilrurrldos
978 4146 1095 4234 τρίτης
1128 4141 1410 4236 πρυτανευούση)ς

180 4283 336 4372 ιωλι.
390 4271 510 4344 Novae
543 4271 638 4361 enim
679 4270 863 4368 Prytanioe
898 4271 933 4344 iu
974 4259 1078 4345 initio
1114 4272 1289 4344 linearum
1323 4271 1410 4366 poni

214 4406 391 4484 ridentur.
