3222 5104
195 425 203 444 ,
262 366 335 426 382
721 375 977 424 urrunnun.

255 538 357 604 velim.
412 537 550 604 Primum
564 550 623 614 est,
649 539 734 621 quod
752 532 783 600 oi
805 548 878 619 post
895 525 930 600 lt
949 533 1013 598 sine
1031 532 1218 618 aspiratione
1240 539 1396 619 scribitur,

258 659 389 723 samque
406 635 545 701 inaltero
560 637 712 712 membro,
730 631 782 696 ubi
803 636 893 696 abest
905 632 958 697 illa
972 629 1132 717 particula,
1148 647 1261 700 servat.

624 737 699 806 ΔΟΙ
727 735 1078 802 ΜΕΝ....ΗΟΙΔΕ.

264 832 446 898 Priscianus
466 830 570 896 tradit.
587 855 619 915 p.
639 833 715 896 546.
733 830 785 892 ed.
805 829 938 894 Putseh.
954 828 1121 912 AEolenses
1141 829 1297 918 digamma
1315 832 1402 898 iuter·

259 932 334 994 dum
356 953 412 1015 pro
430 928 525 992 nihilo
554 927 712 1002 habuisse,
739 926 770 991 in
796 929 886 1012 cujus
909 925 955 991 rei
974 925 1183 992 testimonium
1200 953 1290 994 versu
1308 930 1400 996 utitur

262 1027 344 1094 lroc:
532 1067 534 1072 ·

380 1111 509 1200 ‘Aunes
526 1112 551 1186 ἴ
567 1113 705 1210 εἰράναν·
733 1113 778 1210 ‘rei
795 1108 832 1184 δέ
844 1112 874 1184 τ’
891 1112 934 1210 rip
951 1117 1033 1186 θέτο
1051 1122 1139 1186 Ma'ia
1160 1121 1287 1208 λίγεια.

264 1222 339 1288 Hoc
368 1223 393 1286 si
416 1231 613 1304 comparatur
629 1241 701 1281 curn
717 1235 823 1282 nostro
840 1220 923 1298 loco,
949 1220 1050 1283 videre
1071 1219 1155 1297 licet,
1182 1220 1327 1285 voculam
1343 1229 1397 1286 ΔΕ

263 1343 300 1383 ea
317 1319 346 1384 vi
364 1318 466 1398 fuisse,
491 1330 602 1382 utnon
618 1315 718 1380 solum
736 1315 876 1400 spiritum
894 1339 1051 1400 asperum,
1070 1319 1126 1380 sed
1140 1317 1234 1382 etiam
1246 1318 1398 1404 digamma
1445 1326 1448 1330 ’

220 1409 223 1413 ’
261 1415 292 1482 in
310 1420 451 1504 subjecta
464 1438 544 1492 ¹voce
571 1413 916 1498 opprimeret.-ldem
934 1414 1095 1481 accidebat
1108 1414 1158 1500 ln„
1170 1416 1324 1500 particula
1340 1423 1398 1493 ΓΕ,

258 1537 327 1600 qua
358 1514 453 1580 resin
471 1511 649 1597 gravissima
671 1510 811 1575 doctrina
828 1512 866 1574 de
888 1511 1044 1596 digamma
1066 1525 1169 1576 nostra
1184 1525 1275 1576 astate
1294 1515 1398 1600 majori

260 1611 410 1688 doctrino,
427 1633 520 1695 quam
538 1607 750 1691 intelligentia,
768 1621 906 1682 tractatu,
924 1608 1051 1692 maximi
1068 1621 1115 1676 cst
1131 1609 1293 1684 momenti,
1311 1611 1397 1675 simul

261 1707 353 1772 etiam
377 1707 522 1791 explicat,
550 1727 644 1790 quare
662 1710 718 1767 ΔΕ
739 1716 770 1767 et
797 1711 855 1786 ΓΕ,
883 1705 937 1770 ubi
955 1709 1181 1792 apostrophum
1199 1709 1325 1789 habeut,
1351 1733 1398 1772 se·

256 1818 371 1889 queute
385 1801 570 1888 aspiratione
588 1824 745 1886 nunquam
766 1802 907 1887 aspiratae
924 1797 958 1865 θ’
979 1816 1010 1868 et
1027 1797 1060 1894 χ’
1079 1805 1168 1890 fiant,
1194 1805 1315 1894 quippe
1331 1806 1398 1892 qui·

261 1905 318 1966 bus
336 1902 411 1985 ipsis
427 1923 519 1984 asper
530 1904 603 1964 loco
615 1899 753 1964 cesserit.
868 1927 870 1932 ·

335 2000 478 2064 Alterum
496 2011 553 2076 est,
575 1998 659 2084 quod
678 2003 836 2062 HELIIIA
852 1997 983 2084 legimus
1000 2021 1072 2064 cum
1091 1999 1292 2086 aspiratione,
1310 2001 1397 2085 igitur

258 2092 354 2167 ι’λπίς
380 2121 438 2183 pro
454 2095 579 2180 vulgato
594 2086 702 2160 ἐλπίς.
757 2093 884 2180 Nempe
902 2102 1036 2180 priscam
1052 2095 1137 2160 illam
1155 2096 1302 2164 labialem
1318 2099 1397 2184 aspi·

260 2197 411 2260 rationem
429 2193 517 2259 initio
544 2216 600 2278 per
618 2199 656 2270 B,
687 2201 725 2272 Φ,
755 2193 788 2269 Ρ,
819 2200 844 2256 Υ
871 2193 983 2258 elatam
1015 2179 1202 2263 re'centiores
1229 2196 1399 2269 dialectiin

261 2293 399 2377 plurimis
417 2291 544 2356 vocibus
564 2304 719 2354 mutarunt
743 2289 774 2353 in
793 2291 934 2374 spiritum
948 2315 1104 2376 asperum,
1125 2314 1218 2376 quem
1236 2291 1338 2378 ipsum
1355 2296 1399 2358 he

260 2413 352 2456 voces
371 2413 432 2453 una
455 2402 527 2473 post
544 2391 671 2452 alterum
689 2400 849 2462 exuerunt,
868 2390 969 2452 donec
986 2413 1024 2452 ex
1042 2388 1148 2474 lingua
1170 2391 1353 2456 Graecorum
1370 2405 1399 2454 et

259 2487 410 2552 Italorum
431 2490 499 2572 jam
524 2488 642 2550 dudum
669 2484 790 2567 penitus
818 2501 1027 2551 evanesceret.
1081 2485 1129 2550 Ita
1154 2488 1196 2566 ol,
1224 2481 1299 2555 ἅλιι
1319 2489 1398 2574 quod

260 2589 344 2670 apud
364 2583 541 2646 Homerum
568 2581 647 2659 for,
671 2581 792 2644 ῈΑΛΙΣ
814 2605 884 2645 esse
911 2582 1030 2665 debuit,
1059 2597 1131 2667 post
1149 2590 1237 2664 1101,
1261 2591 1397 2664 ΗΑΛΙΣ,

259 2680 500 2764 pronunciatum
537 2693 595 2751 est,
623 2701 706 2741 nunc
742 2685 796 2758 01,
833 2687 942 2754 ΑΛΙΣ,
974 2679 1047 2743 item
1073 2677 1221 2744 Latinum
1249 2689 1397 2758 riscus,

259 2783 407 2841 HIRCUS
424 2799 505 2839 nunc
530 2781 646 2841 lucus
668 2789 700 2838 et
721 2775 766 2839 sic
784 2799 877 2840 voces
899 2800 992 2862 quam
1021 2777 1175 2861 plurima.
1224 2779 1341 2846 Eadem
1357 2803 1399 2844 ra-

256 2874 338 2938 tione
358 2874 511 2949 Fumtz,
531 2879 686 2937 ΗΕΛΠΙΣ
702 2873 733 2936 in
755 2881 877 2938 uuus
891 2878 1142 2940 transformatum
1160 2890 1220 2941 est.
1259 2878 1399 2943 fisurus

259 2995 332 3036 cum
360 2972 517 3056 digammo
544 2983 591 3034 est
616 2973 701 3054 apud
727 2971 916 3036 Homerum.
969 2975 1125 3058 Asperum
1154 2977 1321 3040 ostendunt
1349 2999 1399 3040 no

258 3071 341 3136 mina
358 3071 510 3134 Visconto
527 3070 649 3133 laudata
669 3068 782 3154 Helpis
798 3069 951 3154 helpidius
967 3069 1162 3150 (Helvidius)
1179 3069 1397 3158 Helpr'dianus,

260 3181 399 3231 nostrum
418 3167 536 3257 Helfen
553 3166 707 3230 Saxonice
725 3166 841 3252 helpen,
858 3168 988 3254 jrrvare.
1042 3168 1125 3232 Nam
1145 3169 1299 3252 primitiva
1316 3171 1398 3235 vocis

260 3265 443 3349 significatio
468 3265 527 3330 fuit
555 3264 752 3328 hauddubie
780 3263 919 3350 alloquio
940 3287 1088 3346 recreare,
1106 3269 1226 3353 juvare
1254 3269 1398 3355 aliquem,

255 3365 336 3427 unde
353 3366 392 3426 de
412 3363 573 3446 Penelope
589 3361 706 3442 Odyss.
721 3357 760 3445 β.
783 3371 838 3434 92.

276 3453 411 3529 Πάντας
435 3453 497 3534 μέν
520 3485 542 3547 p
564 3452 660 3522 ἔλπει
684 3460 757 3539 (luit
772 3452 838 3570 ιμὲν
863 3452 997 3534 Plures)
1020 3457 1073 3526 noi
1097 3455 1281 3552 ὑπίσχεται
1303 3451 1388 3552 riripi

762 3582 904 3643 ικαατῳ,

257 3667 297 3731 et,
321 3655 412 3718 simul
433 3678 505 3718 cum
521 3667 626 3718 nostro
642 3677 813 3734 marmore,·
825 3656 1002 3741 composita
1018 3661 1058 3721 ab
1074 3649 1214 3748 ἐλπίζω,
1243 3683 1311 3746 quse
1325 3659 1397 3724 milri

260 3753 414 3836 suggessit
437 3753 609 3841 Scltqtirus
627 3775 726 3832 meus,
750 3747 1010 3843 ὀφελπιααένος,
1037 3757 1076 3819 de
1094 3779 1158 3840 quo
1173 3755 1346 3841 Wagnerus
1361 3759 1399 3820 ad

258 3849 419 3915 Ammian.
441 3849 470 3913 iu
491 3852 619 3915 Notarr.
640 3851 756 3915 Voles.
785 3876 817 3936 p.
834 3860 908 3918 405.
926 3866 958 3916 et
974 3845 1167 3943 α’φιλπέζιι
1182 3855 1211 3918 in
1229 3853 1399 3920 Glossariis

257 3948 491 4013 Labb.11.68.
513 3950 543 4011 d.
580 3947 675 4012 Conl.
700 3953 783 4035 quod
813 3950 995 4014 Hemsterh.
1023 3953 1062 4015 ad
1089 3951 1251 4037 Aristoph.
1276 3955 1399 4018 Plutv.

260 4047 335 4120 689.
354 4047 443 4110 affert
457 4038 697 4135 ἀφαυαίνεσθαι
721 4050 761 4112 ab
788 4037 861 4116 urim
884 4061 916 4112 et
932 4043 1118 4115 uiniaeoOur
1145 4062 1176 4114 et
1199 4063 1338 4116 notatum
1361 4051 1400 4114 ad

257 4144 421 4230 Aristoph.
440 4143 577 4209 Acharn.
596 4171 625 4209 v.
645 4153 719 4219 329.
749 4139 866 4234 Εἴρξας
880 4136 1002 4217 δασέως
1017 4141 1181 4212 Ἀττικοὶ.

332 4241 376 4311 V.
393 4253 430 4316 9.
457 4248 629 4307 ΑΝΔΡΑΣ
656 4250 752 4307 MuM
779 4249 904 4309 nom
931 4249 1045 4310 ΗΕΔΕ
1071 4251 1200 4310 ΠΟΘΕΙ
1224 4252 1298 4312 ΚΑΙ
1324 4253 1367 4310 ΔΙ

258 4341 431 4407 Deiectum
457 4363 564 4404 versus
593 4355 665 4426 post
688 4347 760 4406 ΚΛΙ
776 4341 946 4407 Viscoutus
965 4343 1123 4429 supplevit
1145 4344 1277 4410 vocibus
1294 4349 1397 4409 ΔΑΚ-

256 4443 479 4506 summum
498 4452 529 4502 et
547 4440 678 4504 contulit
697 4439 872 4504 Ennianum
889 4441 966 4506 illud

454 4537 560 4600 Nemo
572 4561 621 4601 me
637 4537 782 4602 lacrumis
795 4539 913 4606 decoret
930 4563 988 4606 nec
1005 4544 1113 4607 funera
1129 4542 1203 4604 lletu
