3176 5094
581 429 922 486 rsouaaosrasu.
1286 427 1371 501 xlvii

236 577 323 655 Jam
343 577 624 681 reroJLectores
641 589 814 662 mouendi
827 601 913 664 sunt
925 591 1078 670 Grecos
1094 597 1133 672 in
1152 600 1368 696 quibusdam

160 712 272 786 rebus
302 725 463 788 veterem
490 715 670 790 scribendi
700 742 838 794 morem
867 724 931 798 diu
961 727 1163 806 retinuisse.
1217 735 1368 813 Datiros

160 865 209 912 sc.
242 844 371 939 primae
395 846 646 919 declinationis
678 861 716 922 et
750 853 921 927 adverbia
952 858 998 930 ab
1034 858 1077 932 iis
1113 862 1272 939 derivata
1306 867 1368 942 diu

158 983 240 1064 post
266 975 397 1073 longas
423 975 568 1048 vocales
591 977 753 1052 invectas
778 1007 845 1077 per
872 985 911 1053 ΕΙ
941 989 1182 1067 scribebaut¹.

392 1139 474 1238 sig.
504 1139 637 1220 Marm.
658 1156 743 1216 234.
798 1156 862 1222 ΕΜ
888 1157 1085 1230 ΜΥΡΙΝΕΙ

798 1275 927 1342 ΠΑΡΑ
950 1277 1029 1343 ΤΕΙ
1057 1280 1174 1352 ΘΕΩΙ

386 1386 632 1487 Elg.ffMarm.
658 1405 738 1466 181.
791 1407 962 1476 ΑΓΑΘΕΙ
987 1413 1145 1482 met.

223 1552 388 1641 Quorum
418 1553 455 1625 in
488 1565 614 1628 neutro
644 1582 859 1634 marmorum
889 1567 1022 1638 veteris
1054 1569 1239 1676 scripturae
1266 1571 1367 1644 aliud

160 1681 333 1782 quicquid
364 1683 557 1781 vestigium
595 1703 725 1762 manet.
769 1691 883 1768 Hunc
919 1723 1053 1772 morem
1090 1701 1290 1778 diutissime
1324 1707 1361 1778 in

162 1809 205 1882 iis
235 1811 356 1884 verbis
383 1812 506 1886 Graeci
536 1820 729 1892 servabant
751 1847 834 1918 quae
862 1827 898 1897 in
930 1831 1102 1904 consultis
1133 1835 1362 1933 decretisque

160 1931 358 2016 ‘solenniter
408 1948 656 2021 occurrebant.
728 1953 825 2026 Hinc
866 1968 1039 2039 ΑΓΑΘΕΙ
1080 1976 1237 2060 τΥχει,
1280 1981 1358 2047 τει

165 2085 344 2154 uorum
382 2089 418 2149 et
444 2079 572 2152 similia
600 2081 637 2154 in
675 2087 880 2161 recentibus
908 2097 1145 2169 marmoribus
1175 2100 1260 2174 licet
1282 2103 1362 2175 ani·

165 2211 375 2282 madvertas.
419 2209 527 2302 Quod
552 2211 701 2286 Graecos
724 2215 855 2290 fecisse
879 2231 984 2315 putat
1007 2222 1191 2321 Taylorus
1205 2229 1229 2313 ²,
1259 2239 1361 2327 “per

163 2335 336 2410 incuriam
358 2353 421 2412 aut
448 2345 619 2415 memoria
646 2344 802 2440 lapsos.'’
855 2347 938 2446 Ego
965 2353 1077 2448 magis
1105 2353 1234 2428 fecisse
1259 2369 1359 2452 puto,

163 2489 206 2538 ne
232 2478 390 2540 vetustos
422 2484 459 2544 et
477 2473 554 2570 jam
592 2474 653 2546 diu
682 2477 830 2550 usitatos
860 2481 1041 2554 scribendi
1071 2488 1194 2558 modos
1222 2498 1359 2566 temere

163 2601 375 2672 mutarent³.
428 2601 566 2674 Eodem
606 2608 711 2679 modo
743 2609 776 2679 in
808 2612 962 2686 nummis
985 2613 1273 2694 Atheniensibus
1301 2648 1357 2697 re-

162 2731 275 2802 centis
310 2731 377 2805 aevi
421 2737 544 2809 ΑΘΕ.4
573 2737 744 2832 scriptum
788 2741 963 2832 videmus,
1004 2751 1166 2843 quamvis
1208 2751 1244 2824 in
1288 2755 1357 2829 illis

161 2863 243 2960 ipsis
290 2866 447 2939 nummis
494 2867 615 2968 longae
667 2872 810 2943 vocales
860 2887 1090 2970 usurpentur.
1154 2877 1356 2954 Nummum

160 2997 305 3094 quidem
342 3001 522 3092 quendam
558 3015 731 3073 memorat
761 3002 957 3076 Eckhelius
987 3005 1025 3077 in
1055 3005 1167 3079 literis
1193 3019 1354 3085 notatum

159 3132 214 3202 cui
234 3154 370 3203 nomen
390 3129 611 3203 Mithridatis
628 3157 666 3205 v1
684 3131 904 3207 inscribitur.
965 3136 1088 3225 Quare
1105 3136 1164 3212 hic
1187 3163 1355 3218 nummus

157 3274 240 3335 anta
276 3287 314 3333 u.
330 3287 365 3333 c.
381 3259 465 3350 667.
502 3261 570 3334 i.e.
601 3287 635 3334 s.
655 3289 687 3337 c.
702 3262 762 3336 86.
798 3289 905 3338 cusus
934 3290 1012 3341 esse
1042 3269 1207 3366 nequit⁵.
1260 3273 1354 3349 Vere

195 3471 273 3531 ²Cf.
309 3475 391 3548 Biag.
419 3475 453 3530 de
482 3473 593 3532 Decret.
624 3474 729 3532 Athen.
820 3477 1078 3538 ‘Eclrbel-Doct.
1101 3481 1191 3557 Num.
1219 3486 1285 3548 Vet.
1313 3505 1353 3546 u.

158 3569 267 3644 Proleg.
291 3587 384 3627 xxsr.
404 3569 505 3646 (Rom.
522 3572 625 3646 1785.)
781 3591 808 3644 p.
820 3576 895 3694 θ810.
909 3580 937 3628 et
950 3579 1017 3631 212.
1034 3670 1039 3681 Ι

194 3713 205 3744 ¹
225 3714 311 3790 Μ’
322 3715 359 3772 “d
374 3714 485 3773 Marm'
501 3713 606 3772 Swdv'
618 3733 645 3788 μ’
658 3711 688 3773 6⁸
780 3762 830 3821 Me
854 3667 1352 3826 lvssgffleliussnpffpssaeetinrhffl

193 3854 205 3886 ⁸
239 3857 358 3913 Merum
412 3855 566 3912 consemire
620 3855 728 3911 videtur
779 3857 977 3914 Thebanorum
999 3861 1124 3916 nummis
1145 3867 1273 3918 extantes
1297 3863 1350 3919 ΘΕ

156 3949 288 4006 Osannus
304 3949 377 4024 Syll.
392 3969 419 4024 p.
437 3957 505 4006 114.
549 3949 578 4006 Si
596 3948 727 4023 exempla
779 3951 835 4007 BH
847 3971 932 4027 quam
950 3953 1118 4027 scripturam
1134 3954 1254 4030 hybrida
1267 3964 1351 4014 vocat

154 4053 314 4116 quaerantur
347 4041 384 4100 ct.
419 4043 533 4098 Gmter.
566 4061 593 4117 p.
617 4058 726 4098 ccciv.
778 4043 929 4102 Echhelius
948 4063 988 4102 11.
1007 4066 1035 4121 p.
1051 4053 1120 4104 202.
1139 4047 1188 4105 sed
1207 4059 1351 4124 postrema

155 4135 311 4194 Montlauc.
340 4136 420 4194 Diar.
450 4137 515 4195 ltal.
542 4157 570 4212 p.
600 4143 649 4195 43.
676 4145 725 4203 72.
776 4139 866 4208 litera,
889 4157 935 4197 me
955 4142 1058 4216 judice,
1079 4142 1115 4199 ad
1144 4143 1248 4217 priores
1274 4144 1349 4201 haud

153 4228 282 4304 Appeud.
320 4229 356 4285 ad
389 4232 498 4290 Marm.
537 4230 633 4292 Oxon.
669 4232 724 4306 (ed.
777 4235 901 4310 pertinet.
945 4237 1019 4294 Satis
1047 4239 1122 4294 enim
1149 4245 1198 4312 per
1224 4257 1253 4295 se
1277 4251 1351 4298 esset

153 4321 260 4398 Maitt.)
280 4345 309 4399 p.
331 4331 359 4384 2.
405 4325 498 4400 Elgin.
520 4327 630 4386 Marm.
656 4335 723 4394 178.
777 4330 865 4390 θΕΒ.
880 4351 930 4388 nec
944 4331 1024 4402 uideo
1037 4333 1102 4407 quid
1117 4332 1228 4390 ΘΕΒΗ
1242 4333 1349 4409 signifi·

155 4423 219 4478 181.
234 4426 308 4478 934.
341 4419 480 4480 Dodwell.
497 4423 560 4483 ltin.
578 4443 601 4480 1.
616 4445 644 4498 p.
656 4430 724 4491 372.
776 4445 840 4482 care
855 4429 949 4502 possit.
984 4429 1145 4484 AEvocerte
1160 4429 1347 4487 vetustissimo

153 4531 189 4570 rr.
204 4535 231 4588 p.
248 4521 320 4576 518.
367 4517 485 4592 Walpol.
502 4539 541 4577 11.
556 4539 585 4594 p.
602 4527 670 4586 507.
776 4523 839 4578 urbs
852 4521 948 4595 θήβαι
963 4521 1106 4595 pluraliter
1119 4521 1320 4596 appellabatur.
