3218 5116
200 401 335 475 Inscn.
360 401 420 486 V.]
768 411 836 475 135

198 581 313 655 nimia
329 603 439 679 parra
457 588 513 654 est
529 582 701 672 Διωβελῐα
718 581 778 666 hie
794 593 991 658 memorata
1008 607 1074 682 pro
1093 575 1224 659 civium
1241 601 1407 668 nurnero.

198 711 354 810 Aliquid
381 733 471 810 ergo
497 708 536 782 in
564 709 657 782 hanc
685 713 877 802 Διωβελίαν
902 737 948 786 ex
974 714 1054 787 aliis
1078 716 1256 790 thesauris
1279 718 1403 794 'forsan

200 844 327 918 datum
355 851 422 917 est.

285 975 327 1048 L.
352 987 411 1047 24.
450 987 613 1057 ΣιτοΝ.
669 973 791 1054 Εποι·Ι
820 971 942 1047 forsan
985 976 1198 1073 sculptoris3
1242 978 1407 1075 quamvis

204 1106 315 1196 enim,
342 1116 383 1180 ut
410 1119 512 1183 recte
539 1107 738 1194 Bbckhius,
768 1106 902 1181 locutio
932 1111 1016 1182 satis
1044 1111 1176 1184 Graeca
1207 1110 1266 1197 sit,
1295 1134 1406 1209 supra

204 1245 308 1314 Σῖτος
327 1243 363 1312 in
382 1241 451 1314 hac
476 1265 529 1315 re.
581 1241 626 1314 In
652 1241 896 1314 Anthesteriis
923 1264 1065 1339 semper
1091 1245 1233 1341 equites
1257 1245 1406 1319 incede·

203 1373 334 1447 bant¹.

284 1521 327 1595 L.
348 1533 407 1594 25.
452 1527 618 1606 turoi.
658 1523 840 1598 Bdckhius
859 1531 1121 1618 eurotam)
1140 1525 1408 1602 Bartheiemius

210 1663 529 1754 ΕΥΠο1(ΕΜΟΙ).
572 1656 669 1748 Quid
697 1655 765 1732 sibi
792 1657 880 1733 velit
905 1656 1101 1746 Bdcirhius,
1126 1658 1241 1733 tribus
1265 1669 1405 1732 tantum

206 1787 320 1861 literis
342 1787 493 1884 (praeter
515 1795 545 1862 A
568 1788 668 1864 vocis
687 1783 878 1890 Ἂφιδναίοι)
900 1789 1018 1863 iocum
1043 1813 1123 1864 esse
1148 1790 1286 1879 dicens,
1309 1792 1406 1865 haud

206 1913 384 2018 intelligo.
437 1917 602 1994 Marmor
626 1922 726 1994 haud
752 1917 931 2022 στοιχηδὸν
957 1923 1135 1996 scribitur.

284 2067 404 2143 Pnrr.
428 2063 541 2139 VIII.
586 2065 701 2142 Nulia
718 2070 892 2160 Διωβελία
909 2067 969 2141 hic
987 2079 1216 2158 memoratur,
1245 2071 1407 2166 quamvis

210 2199 247 2273 in
282 2201 378 2272 hanc
414 2199 626 2296 Prytaniam
660 2199 855 2272 inciderint
890 2200 1045 2271 maxima
1080 2205 1288 2274 Διονυσίακα.
1337 2201 1408 2276 ‘De

214 2350 287 2428 qua
309 2328 416 2402 reita
445 2326 750 2401 Bartheiemius².
795 2334 820 2368 “
833 2327 905 2399 Les
928 2327 1024 2399 deux
1047 2327 1170 2400 oboles
1195 2328 1411 2402 distribude's

210 2481 255 2531 au
288 2457 439 2556 peuples
471 2479 519 2529 ne
551 2467 634 2528 sont
656 2480 721 2554 pas
756 2453 1007 2530 mentionndes
1038 2459 1128 2531 dans
1161 2460 1411 2558 I’inscription,

208 2615 291 2664 sans
310 2592 421 2664 doute
434 2570 550 2687 parce
568 2595 675 2688 qu’on
700 2589 783 2663 n'en
804 2588 927 2663 faisoit
948 2615 1012 2687 pas
1035 2593 1199 2692 toujours
1218 2617 1268 2664 un
1285 2592 1409 2668 article

208 2719 373 2820 separ6.''
425 2721 498 2795 Sed
514 2746 596 2795 cum
616 2721 723 2794 toties
741 2723 917 2814 Διωβελία
934 2733 1166 2811 memoretur,
1185 2723 1300 2823 magis
1317 2725 1410 2798 veri-

207 2860 325 2934 simile
340 2860 483 2932 videtur
498 2860 690 2958 pecuniam
709 2882 783 2955 qua
799 2860 844 2931 ad
863 2883 941 2931 eam
960 2885 1036 2933 rem
1056 2885 1146 2956 opus
1165 2873 1260 2935 esset
1277 2887 1323 2935 ex
1337 2863 1409 2935 alio

210 2991 364 3091 quodam
384 2991 554 3063 thesauro
570 2989 734 3062 haustam
755 3013 848 3077 esse,
867 3011 1033 3086 eamque,
1053 3014 1136 3086 quae
1155 2989 1214 3063 hic
1232 2991 1409 3080 innuitur,

207 3123 296 3198 alios
324 3147 508 3199 sacrorum
543 3134 706 3221 sumptus
742 3117 1007 3232 suppeditasse.
1050 3121 1248 3212 Praeterea,
1290 3129 1409 3225 θςωρία

208 3259 254 3331 ad
281 3257 384 3333 ludos
419 3255 620 3354 Deiphieos
648 3279 791 3353 semper
819 3254 865 3328 ab
894 3252 1178 3365 Atheniensibus
1206 3255 1315 3330 missa
1344 3268 1409 3331 est.

208 3387 333 3461 Ludos
355 3397 474 3462 eutem
503 3385 705 3485 Deiphicos
723 3383 832 3460 tertio
851 3382 1030 3484 cujusque
1051 3385 1277 3486 Olympiadis
1295 3413 1407 3475 anno,

210 3529 248 3592 et
276 3519 347 3592 hoc
378 3489 458 3616 ipso
487 3515 573 3591 anni
602 3527 763 3618 tempore
793 3541 873 3590 esse
902 3516 1104 3590 celebratos
1135 3520 1294 3593 ostendit
1318 3520 1410 3595 Cor-

209 3651 362 3727 sinius³.
417 3663 558 3754 θεωροῖς
578 3677 674 3752 ergo⁸
696 3653 817 3727 forsan
843 3677 928 3752 pars
956 3652 1064 3754 hujus
1085 3622 1254 3754 pecirniae
1275 3638 1408 3729 ¹numo·

209 3796 287 3859 rata
313 3798 379 3860 est.

285 3893 451 4014 Quaestio
474 3921 534 3996 hio
560 3922 689 3997 incidit
713 3925 759 3997 de
785 3949 938 4001 numero
965 3903 1106 3998 dierum
1131 3922 1287 4025 singuiis
1315 3925 1407 4026 Pry-

211 4053 316 4128 taniis
334 4054 543 4130 tribuendo.
598 4059 727 4131 Annus
746 4057 1023 4133 Atheniensium
1041 4057 1212 4160 vulgaris,
1233 4070 1276 4133 ut
1290 4058 1408 4133 omni-

209 4185 276 4280 bus
308 4197 447 4280 notum,
484 4201 561 4264 354
596 4190 673 4266 dies
705 4191 927 4269 continebat.
997 4191 1091 4266 Cum
1126 4203 1246 4268 autem
1279 4193 1406 4268 decem

253 4471 435 4538 'Demosth
449 4497 476 4536 c.
490 4473 686 4556 ntupum.
702 4477 733 4538 F.
875 4473 1018 4533 'Corsim
1057 4475 1178 4534 Dissert.
1212 4474 1342 4550 Agonist
1366 4473 1407 4535 II.

251 4566 262 4598 ¹
284 4567 340 4628 Ubi
352 4559 437 4648 supra
449 4592 478 4647 p.
491 4578 561 4638 371.
833 4591 861 4646 p.
876 4559 926 4644 311,
939 4575 989 4643 45,
1000 4577 1029 4627 et
1039 4565 1088 4626 46.
