3158 5104
154 372 278 438 lnscn.
301 369 359 450 V.]
729 378 797 456 117

341 663 491 744 Onnes.
519 661 611 743 III.
665 663 792 746 Scor.
821 663 859 744 Ι.
911 663 1063 748 Inscn.
1092 669 1144 748 V.

395 897 656 974 MARMOR
702 899 1107 976 ATHENluNsu.

639 1113 873 1172 rnn.xvun

687 1317 825 1366 ...4-

375 1514 498 1578 Biiclrh.
517 1511 565 1576 ll.
591 1536 623 1596 p.
646 1517 715 1583 198.
757 1509 850 1591 (Tab.
869 1510 916 1576 ll.
941 1510 1040 1578 luscr.
1060 1511 1138 1589 lll.)

229 1706 369 1794 Ειιιιι
389 1721 469 1832 brec
491 1718 677 1813 inscriptio
701 1718 738 1790 in
755 1717 896 1790 schedis
922 1717 1227 1806 Fourmontionis,
1253 1722 1350 1794 unde

157 1848 351 1942 descripsit
368 1846 572 1932 Bekkerus,
589 1845 826 1942 Biiclrhioque
841 1847 950 1917 dedit.
1003 1846 1088 1940 lpse
1104 1849 1352 1945 apographum

157 1977 489 2051 Fourmontianum
514 1975 670 2050 Lutetiis
693 1999 791 2047 anno
816 1973 980 2070 proximo
1004 1974 1087 2046 vidi.
1129 1976 1251 2071 Prope
1265 1977 1352 2050 Car-

156 2113 283 2186 batum
307 2113 344 2185 in
373 2112 494 2187 Attico
519 2135 674 2185 marmor
703 2119 887 2205 repertum
914 2119 979 2181 est.
1032 2109 1249 2206 Quicunque
1275 2110 1353 2181 ani·

159 2246 393 2318 madverterit
423 2243 568 2342 quoties
597 2263 778 2339 quumque
811 2237 960 2311 ridicule
988 2237 1023 2309 in
1058 2236 1250 2337 Amyclaeis
1279 2240 1354 2312 istis

158 2375 454 2472 inscriptionibus
478 2377 597 2471 lapsus
622 2373 668 2446 sit
692 2369 962 2456 Fourmontius,
990 2370 1019 2442 is
1045 2380 1142 2444 certe
1170 2390 1354 2468 nunquam

158 2504 402 2600 suspicabitur
439 2507 534 2578 hanc
568 2502 841 2598 inscriptionem
883 2525 905 2572 a
949 2477 1128 2574 nebulone
1160 2501 1228 2574 isto
1266 2493 1357 2600 tingi

159 2636 325 2732 potuisse
342 2638 365 2707 ¹.
418 2637 615 2710 Decretum
643 2646 698 2708 est
732 2658 776 2708 ea
802 2657 929 2706 caussa
961 2634 1095 2706 factum
1131 2645 1171 2706 ut
1202 2634 1357 2729 pecunie
1436 2727 1439 2730 Ι

55 2777 63 2796 ·
159 2763 380 2838 nDeorum
416 2765 594 2838 thesauris
629 2747 791 2836 mutuata
821 2764 1047 2836 redderetur.
1099 2760 1205 2834 Nihil
1237 2763 1357 2836 notius

159 2895 231 2967 boc
265 2919 366 2968 more
397 2895 562 2992 pecunire
596 2918 619 2965 a
651 2893 793 2989 templis
827 2889 1069 2963 mutuundre’.
1138 2890 1222 2980 Quo
1261 2917 1359 2966 anno

163 3025 352 3097 decretum
379 3022 514 3096 factum
542 3023 589 3096 sit
614 3023 684 3094 dici
705 3023 844 3117 nequit,
862 3019 1035 3118 ‘quamvis
1066 3043 1088 3091 ιι
1119 3043 1232 3114 scopo
1263 3022 1360 3094 houd

162 3153 476 3250 longeaberrore
506 3153 695 3251 possimus.
749 3153 846 3225 Ante
874 3149 1080 3222 unarchicm
1112 3148 1247 3220 fuctum
1276 3150 1360 3224 sutis

162 3292 265 3378 putet
294 3283 331 3354 in
368 3283 447 3378 ipso
477 3282 581 3375 enimj
597 3284 744 3354 decreto
772 3278 905 3352 dicitur
930 3277 1120 3374 pecuniam
1150 3276 1231 3350 Diis
1258 3275 1359 3350 reddi

203 3505 358 3580 ιῙιιιιιςίιιε
373 3509 486 3583 quidem
501 3527 585 3585 quum
608 3525 659 3582 ego
678 3525 741 3582 pro-
791 3505 952 3564 Fourmonti
979 3507 1068 3564 zeiten
1094 3507 1138 3564 die
1166 3505 1362 3566 Gelehrtesteu

164 3617 275 3672 ςιοειιιι
305 3610 348 3656 est
379 3619 459 3659 meus
486 3598 629 3658 Bdckhius
662 3601 742 3674 cujus
792 3600 948 3657 kaumeine
963 3601 1220 3676 Ahnunghatteu.’'
1252 3603 1364 3660 Bbckh.

165 3691 401 3752 verbaerrscribo.
444 3695 742 3752 “Foururoutwaruu
793 3695 832 3754 11.
862 3715 890 3769 p.
915 3701 981 3764 198.
1032 3697 1094 3755 Nec
1121 3697 1202 3756 aliter
1226 3700 1254 3757 in
1277 3699 1364 3758 literis

165 3787 333 3858 unwisscnd,
355 3806 402 3846 um
417 3787 514 3863 irgend
529 3796 616 3846 etwas
631 3806 744 3846 rusam·
794 3789 882 3848 MSS.
924 3792 1056 3867 “Accipe
1068 3792 1244 3868 plebiscitum
1257 3797 1365 3874 insigne

169 3884 396 3959 menhungendes
411 3885 554 3943 crdichten
567 3905 601 3966 pu
620 3886 742 3968 konnen,
794 3887 867 3945 inter
901 3889 1062 3948 Fourmonti
1096 3891 1190 3965 copias
1223 3903 1363 3968 repertum

166 3977 339 4054 geschweige
364 3979 436 4036 dcnn
460 3980 521 4038 eine
543 3981 668 4039 urkunde
693 3981 743 4038 wie
794 3982 865 4058 quod
884 4001 972 4059 nsque
992 3985 1028 4042 sb
1045 3984 1099 4043 isto
1120 3985 1205 4044 Gallo
1223 4007 1311 4066 neque
1328 3992 1364 4048 ab

166 4071 208 4128 die
226 4069 366 4149 folgende,
389 4073 495 4132 welche
519 4075 608 4134 selbst
626 4077 675 4133 der
695 4095 743 4150 ge·
793 4075 850 4134 ullu
864 4077 919 4136 ulio
933 4079 1000 4153 fingi
1013 4083 1166 4156 etsupponi
1176 4087 1304 4160 potuisse,
1318 4087 1364 4164 qui

166 4171 264 4223 nauste
288 4165 404 4222 Kenner
426 4166 476 4224 der
496 4167 634 4226 attischen
658 4167 741 4227 iiltcr-
794 4171 1041 4246 Graecedidicerit‚
1061 4173 1225 4302 intelliget?

167 4261 280 4319 thiimer
291 4260 372 4320 nicht
381 4262 461 4319 h'r'rtte
475 4264 603 4323 ersinnen
616 4265 739 4334 kbnneu,

169 4357 222 4413 und
246 4355 335 4416 ιιὸιὶιι
357 4356 400 4412 die
425 4355 538 4416 leinsten
566 4359 673 4434 Regeln
693 4359 741 4415 der
833 4343 992 4438 'Tbucyd
1004 4364 1044 4424 11.
1061 4369 1107 4423 13.
1142 4363 1188 4424 Cf.
1204 4365 1312 4426 Bdckh.
1323 4367 1362 4426 ll.

169 4453 285 4526 spruche
305 4449 412 4528 belolgt
431 4451 502 4525 siud,
525 4473 580 4512 von
601 4454 689 4514 denen
708 4473 741 4512 zu
793 4474 821 4530 p.
839 4463 906 4516 130.
