3204 5104
805 413 849 470 10
1221 405 1366 491 [Canes.
1397 403 1426 474 I.

307 575 436 656 'Houo‘r
465 586 682 648 memoratur
705 577 744 650 in
769 579 947 677 catalogo,
981 591 1020 652 ut
1048 579 1201 670 videtur,
1233 604 1427 654 munerum

231 707 414 804 cujusdam
456 709 579 805 tempii
615 713 650 784 in
688 713 837 812 AEgiua,
883 715 921 788 in
958 739 1135 788 marmore
1167 740 1190 787 a
1230 717 1307 790 viro
1338 717 1425 788 doc·

229 833 366 907 tissimo
388 837 429 909 C.
450 837 496 910 R.
515 839 702 913 Oockereii
727 843 777 914 ibi
805 852 961 939 reperto,
987 844 1032 913 ad
1058 842 1176 937 ipsum
1205 844 1312 916 tinem

530 967 857 1040 ΑΡΥΣΤΙΧΟΣΙΙΙ
886 969 1122 1037 ΗΘΜΟΣΞΙΙ

227 1077 368 1177 Magna
399 1083 441 1155 iis
485 1094 540 1159 est
577 1097 696 1159 utrum
732 1088 817 1159 huic
856 1087 934 1160 voci
975 1096 1073 1160 recte
1108 1109 1225 1160 necue
1259 1089 1414 1183 aspirata

228 1211 447 1308 praefigatur.
507 1213 637 1312 Negat
680 1216 881 1303 Bentleius,
923 1214 1312 1310 compositissimtiriv,
1355 1218 1422 1291 &a

228 1341 377 1412 testibus
392 1343 501 1416 nisus.
555 1345 628 1417 Sed
646 1369 731 1419 vere
751 1345 973 1419 Chishuliius
989 1355 1120 1441 praeter
1142 1347 1263 1420 omnia
1282 1347 1421 1436 Ionica,

227 1470 261 1540 in
290 1475 471 1545 communi
491 1476 598 1547 etiam
617 1477 770 1549 dialecto
795 1477 865 1549 alia
894 1500 1038 1573 quoque
1065 1476 1240 1574 simplicia
1262 1478 1420 1572 aspirata

226 1591 262 1665 in
303 1596 561 1692 compositione
599 1599 857 1695 aspirationem
887 1601 1055 1674 omittere
1089 1611 1223 1688 monet.
1294 1600 1420 1701 Hujus

227 1735 323 1798 notae
356 1738 441 1800 sunt
471 1731 638 1816 ᾰντὴλιος,
676 1731 879 1819 ἀπηλιώτης.
931 1734 1043 1832 Quod
1073 1743 1196 1807 autem
1231 1733 1420 1810 Bentleiua

225 1856 484 1940 animadvertit
511 1882 638 1932 vocem
662 1860 800 1933 scilicet
820 1859 857 1932 in
876 1860 989 1932 altera
1010 1860 1249 1957 inscriptione
1264 1860 1343 1936 sine
1360 1884 1419 1934 as·

224 1991 403 2084 piratioue
425 1991 512 2088 legi,
538 1993 573 2063 id
598 2017 643 2064 ne
670 1994 854 2066 minimum
874 1992 1017 2090 quidem
1038 1993 1180 2089 pondus
1203 1991 1314 2086 ipsius
1335 2014 1417 2063 sen-

225 2122 347 2193 tentiae
375 2121 489 2193 affert.
541 2123 633 2194 Cum
656 2124 752 2196 enim
779 2123 828 2194 ibi
858 2145 923 2195 sua
942 2121 1019 2219 jam
1050 2130 1208 2217 potestas
1236 2118 1352 2192 vocali
1381 2125 1416 2190 H

225 2251 358 2324 tributa
371 2251 427 2335 sit,
442 2277 516 2346 quo
533 2253 677 2324 tandem
697 2255 802 2324 modo
819 2253 990 2347 aspiratio
1009 2249 1258 2346 repraesentari
1273 2243 1417 2343 potuit?

227 2380 314 2454 Falli
346 2378 552 2452 Bentleium
580 2391 764 2453 auctorem
792 2403 939 2476 quoque
967 2379 1204 2451 Scholiastem
1232 2376 1415 2472 Apollonii

225 2505 379 2584 Rhodii¹
408 2507 582 2580 habemus
600 2509 649 2579 ita
670 2509 891 2603 loquentem.
943 2509 992 2579 Tri
1016 2503 1050 2578 δὲ
1075 2507 1202 2589 'Hortis
1227 2501 1413 2578 δασύνεται.

290 2630 411 2705 Kirna.
479 2633 651 2706 “Eodem
719 2634 844 2706 maniis
899 2657 1021 2707 errore
1086 2633 1183 2707 inter
1238 2657 1415 2707 marmora

223 2763 446 2835 Oxoniensia
469 2762 506 2833 in
526 2764 673 2834 decreto
699 2762 966 2858 Smyrnaeorum
989 2788 1020 2838 v.
1043 2775 1125 2836 103.
1176 2774 1323 2842 ΤΡΚΙΣ
1348 2787 1414 2859 pro

222 2897 397 2969 ΤΡΕΙΣ.”
440 2889 613 2961 Chishuii.

297 3025 483 3110 Σιγευενσι.
551 3019 619 3090 Vix
670 3020 819 3092 dubium
867 3021 957 3117 quin
1007 3024 1106 3119 prius
1156 3022 1242 3095 illud
1292 3027 1415 3118 ὑψιλον

220 3171 342 3220 errore
370 3146 563 3240 irrepserit.
611 3129 810 3238 Quomodo*
837 3151 933 3221 enim
963 3175 986 3221 a
1019 3149 1241 3224 nominativo
1271 3157 1414 3244 Σιγειεῖς

222 3279 361 3350 dativus
384 3285 556 3370 Σιγευευσι
590 3287 688 3350 recte
722 3277 903 3351 flectendo
931 3279 1062 3352 deduci
1094 3278 1205 3375 possit
1238 3302 1308 3375 ego
1339 3303 1413 3353 non

221 3407 337 3481 video.

299 3547 364 3609 Εαν
389 3535 423 3608 δε
449 3570 483 3607 τι
509 3569 623 3633 πασχο
641 3550 739 3620 μελε·

742 3545 771 3758 }
798 3599 853 3670 ra
870 3598 964 3694 apuu
981 3596 1293 3669 cnisnunummc
1310 3597 1411 3670 rocus

319 3659 359 3732 ia
384 3695 446 3732 ινεν
469 3699 489 3739 ι
511 3695 546 3734 eo
568 3669 696 3755 Σιγειες

222 3788 393 3884 imprimis
408 3789 594 3860 edebatur.
639 3789 682 3860 ln
696 3789 856 3861 secundo
873 3787 1112 3884 Apogrnpho,
1129 3793 1304 3879 punctum
1316 3784 1412 3856 inter

220 3953 241 3990 a
259 3928 296 3989 et
314 3916 376 3989 rin
395 3940 484 3989 voce
500 3915 686 3998 μελεδαινεν
703 3917 932 4014 ἰῃίεῄεοῐυιη
951 3926 1016 3988 est.
1058 3914 1191 3987 Postea
1203 3913 1411 3988 Bernardus

222 4055 351 4128 Mould
378 4067 415 4126 et
440 4055 639 4129 Askevius⁹
661 4051 848 4140 μελεδαινεν
869 4049 923 4124 iro
949 4054 1133 4152 tegebant.
1187 4051 1410 4126 Chishullius

259 4255 267 4285 ¹
290 4257 383 4315 Schol.
400 4259 494 4334 Apoll.
509 4260 602 4320 Rhod.
619 4261 642 4320 1.
659 4265 744 4326 1294.
837 4259 903 4316 Not.
932 4260 975 4316 M.
992 4261 1071 4318 Asku
1099 4259 1157 4335 qui·
1173 4277 1192 4316 a
1214 4259 1347 4316 examine
1373 4257 1410 4316 da

836 4371 982 4411 nounveau
1004 4353 1030 4410 ie
1054 4356 1166 4412 marbre
1186 4373 1206 4429 y
1230 4371 1303 4410 aru
1322 4351 1350 4411 le
1366 4351 1407 4422 Δ,

258 4449 268 4484 ²
290 4451 383 4513 Nouv.
407 4451 514 4516 Traito.
533 4454 558 4510 Τ
559 4473 615 4512 om.
630 4454 650 4510 1.
674 4471 701 4526 p.
716 4447 784 4510 6³0.
836 4468 946 4508 comme
958 4451 979 4508 il
994 4469 1062 4510 nous
1076 4469 1111 4509 en
1124 4449 1247 4510 sarsore
1255 4447 1295 4508 lui
1305 4465 1406 4508 meme.
