3204 5104
565 1066 717 1150 Cusas.
743 1065 780 1148 Ι.
822 1065 976 1149 Insere.
1002 1065 1038 1148 I.

506 1359 865 1439 INSCRIP'I'IO
908 1363 1094 1438 SIGEA.

742 1673 874 1726 ..4-

199 1955 364 2022 Chisbull.
394 1954 503 2042 Antiq.
540 1953 636 2018 Asiat.
665 1979 699 2040 p.
725 1967 756 2020 4.
815 1953 971 2020 Muratori
1003 1954 1153 2021 Thesaur.
1188 1955 1261 2021 Vel.
1299 1954 1402 2022 lusor.

252 2069 352 2134 Tom.
386 2069 441 2134 lv.
474 2095 506 2155 p.
532 2091 677 2134 mmcrrr.
750 2070 836 2134 Gud.
874 2071 971 2134 luscr.
1008 2069 1039 2133 in
1068 2071 1157 2168 App.
1184 2072 1224 2134 ad
1254 2069 1350 2136 Praef.
1385 2097 1402 2138 e

255 2188 379 2253 schedis
404 2187 529 2252 Vauder
559 2187 667 2253 Ho'rst.
729 2187 898 2252 Chandler.
925 2187 1027 2252 Inscr.
1055 2185 1131 2250 Ant.
1159 2211 1192 2271 p.
1216 2193 1248 2250 8.
1293 2185 1400 2252 Nouv.

252 2303 354 2369 Trait.
382 2307 421 2368 de
457 2303 602 2388 Diplom.
633 2303 658 2367 l.
688 2329 721 2389 p.
745 2306 819 2369 630.
882 2303 1070 2368 Shu‘cksord.
1097 2299 1241 2367 Conuex.
1273 2301 1347 2366 Vol.
1371 2299 1400 2366 I.

253 2419 331 2483 260.
358 2419 501 2484 Placent.
531 2417 671 2503 Epitom.
693 2417 847 2502 Palaeog'r.
870 2416 901 2482 in
928 2415 1021 2481 Praef.
1048 2439 1082 2502 p.
1102 2414 1145 2479 ri.
1200 2413 1348 2481 Fuscbin.
1369 2415 1402 2481 in

257 2533 361 2619 Epist.
387 2537 427 2600 ad
452 2535 569 2600 Salrat.
591 2531 765 2619 Vintimigl.

283 2782 429 2896 Hauc
456 2819 726 2917 inscriptionem
755 2819 893 2919 primus
922 2821 1058 2919 publici
1080 2823 1177 2922 juris
1202 2821 1290 2895 fecit
1316 2845 1399 2894 nos-

197 2965 275 3028 tras
303 2953 479 3043 Cbishull,
508 2957 650 3030 alsatis
677 2955 796 3055 amplo
825 2967 991 3031 nolarum
1017 2965 1190 3054 apparatu
1217 2953 1396 3028 instruxit

197 3085 294 3158 Tria
338 3084 474 3157 scilicet
515 3086 724 3182 apogmpha
765 3085 914 3172 videmt,
961 3109 1113 3184 quorum
1153 3081 1307 3181 primum
1351 3083 1397 3156 ab

196 3219 375 3308 Homero,
397 3221 660 3322 Drsgomanno
678 3221 822 3311 Gracco,
841 3225 989 3311 factum,
1012 3223 1164 3296 alterum
1183 3246 1205 3293 a
1224 3221 1266 3296 L.
1285 3221 1396 3314 Lisle,

197 3353 343 3426 tertium
392 3379 414 3426 a
464 3355 507 3427 B.
539 3351 680 3442 Mould,
736 3353 865 3455 Anglis
914 3355 1078 3454 Smymre
1126 3356 1396 3454 negotiantibus

197 3495 357 3582 utroque
394 3510 416 3557 a
452 3485 573 3558 sacris.
626 3485 860 3582 Exscripsere
899 3509 1045 3584 quoque
1080 3483 1395 3572 Vanderborstius,

197 3615 380 3688 Askerius
403 3625 441 3690 et
464 3616 703 3689 Chandlerus.
756 3616 867 3689 Extat
887 3615 995 3723 bodie
1016 3639 1171 3689 marmor
1197 3613 1234 3686 in
1260 3611 1394 3686 Museo

197 3748 436 3831 Britannico:
463 3748 556 3820 adeo
573 3758 692 3819 eutem
713 3745 833 3819 tritum
858 3755 898 3819 ul
914 3747 1035 3820 literas
1062 3744 1195 3845 magni
1220 3769 1266 3817 ex
1288 3755 1393 3841 parte

193 3879 322 3976 legere
349 3901 522 3975 nequeas.
575 3876 648 3968 Qui
674 3875 769 3949 enim
797 3876 891 3949 labri
911 3875 1138 3963 laborabant,
1165 3874 1394 3972 presbytero·

192 4031 274 4082 rum
307 4007 428 4106 jussu,
474 4030 583 4104 super
605 3985 773 4104 'lapidem
823 4017 984 4080 nostrum
1021 4029 1101 4079 sese
1139 4003 1317 4102 projicere
1356 4013 1394 4076 et

191 4137 348 4213 volutari
382 4135 555 4223 solebant,
588 4161 653 4236 spe
688 4137 770 4210 mali
801 4162 821 4210 e
855 4137 1049 4211 demonum
1076 4135 1288 4210 crudelitate
1322 4133 1391 4208 orli
1433 4131 1439 4148 '

188 4267 339 4344 levandi
350 4267 374 4342 ¹.

495 4507 543 4572 Cf.
557 4506 648 4571 liunt.
663 4510 745 4570 Dior.
760 4508 834 4586 apud
848 4506 976 4586 Walpole
990 4509 1014 4568 1.
1028 4514 1121 4584 p..97.

784 4615 814 4680 A
