3204 5104
792 396 869 454 42*
1195 386 1344 472 [Coros.
1368 387 1421 456 11.

217 568 335 642 docet.
388 567 482 659 Quae
516 568 561 640 de
590 579 822 664 λατριιομινον
855 564 958 644 (ΙίοἰῑΔ
976 563 1031 640 vir
1064 563 1305 654 doctissimus,
1338 567 1422 641 hoec

216 708 279 772 aut
312 722 397 772 vero
429 709 492 772 aut
518 697 609 770 feisa
638 722 718 772 esee
747 704 923 792 possunt;
960 719 1044 791 quoe
1073 706 1193 770 eutem
1228 700 1274 770 de
1306 697 1422 773 verbo
1539 719 1543 726 ·

216 826 381 918 intrarem,
421 830 476 901 his
514 829 659 902 minime
697 825 886 900 assentior.
955 826 1062 923 Apud
1097 824 1297 900 Homerum
1337 827 1421 924 qui-

216 964 309 1048 dem,
357 961 592 1036 Theocritum
609 963 631 1050 ¹,
686 957 968 1059 'I'heognidem'
1012 983 1087 1034 non
1136 960 1204 1034 nisi
1254 971 1422 1058 temporo

218 1089 349 1178 media,
395 1088 514 1162 activo
555 1099 677 1163 autem
721 1112 843 1176 sensu,
885 1088 1084 1187 leguntur;
1132 1091 1230 1188 opud
1272 1091 1419 1189 Euripi-

216 1219 318 1294 dem'
360 1222 559 1320 perfectum
598 1222 777 1318 passivum
817 1222 997 1296 occurrit:
1042 1245 1063 1294 e
1103 1246 1176 1319 quo
1210 1224 1291 1296 Ioco
1327 1227 1420 1300 nihiI

217 1359 305 1434 certi
345 1359 454 1433 statui
494 1370 636 1457 potest;
689 1359 785 1454 apud
835 1357 1062 1431 Herodotum
1111 1367 1232 1432 eutem
1284 1358 1420 1456 eaepiue

215 1491 356 1586 passivo
382 1514 492 1564 sensu
525 1490 674 1588 gaudet.
727 1488 790 1560 Bis
821 1478 1024 1585 perfectom
1058 1487 1237 1583 possiwm
1260 1489 1420 1564 occurrit

216 1646 371 1721 quorum
398 1622 434 1692 in
454 1621 552 1694 uno*
573 1621 749 1708 Iocorum,
778 1644 917 1707 sensus,
943 1621 974 1692 ei
994 1621 1108 1695 Porto
1125 1622 1254 1708 credie,
1277 1621 1418 1696 activus

117 1803 123 1810 -
217 1768 283 1844 eet,
309 1757 372 1830 sed
398 1765 496 1828 recte
525 1754 881 1854 Schweighaeuseroe
906 1755 956 1828 ilii
974 1757 1056 1830 Ioco
1085 1757 1262 1852 passivum
1289 1755 1416 1830 tribuit

215 1909 372 1988 pensum,
398 1910 466 1958 nec
495 1885 601 1960 aiiter
629 1887 833 1959 Larcherus
856 1887 974 1973 vertit,
1004 1884 1103 1960 “Ne
1130 1886 1268 1986 eouffre
1291 1911 1417 1960 aucun

215 2016 441 2112 dommoge.”
493 2016 536 2088 In
565 2016 679 2090 altero
704 2018 809 2090 Ιοοο5
837 2041 963 2090 oeneus
992 2019 1090 2092 haud
1117 2019 1227 2092 dubie
1253 2019 1417 2116 passivus

216 2159 282 2237 est,
326 2161 362 2222 et
397 2149 670 2225 Valckenaerius
710 2149 857 2246 quidem
900 2174 966 2246 per
1004 2152 1211 2250 βεβλαφθαι
1253 2151 1416 2249 exponit.

214 2281 316 2356 Alius
355 2306 502 2380 quoque
542 2282 641 2354 locus
674 2291 772 2354 extat
803 2281 867 2354 ubi
904 2291 1050 2379 ternpus
1082 2279 1265 2378 praeeens⁶
1304 2305 1414 2358 eeneu

214 2413 355 2509 passivo
390 2425 595 2513 usurpetur.

290 2546 457 2619 Foederis
487 2549 599 2620 nostri
623 2549 805 2645 interpres
835 2549 997 2624 Gallicus
1025 2549 1199 2625 hocloco
1225 2549 1338 2624 verba
1363 2581 1419 2624 τοι

212 2670 424 2760 καδαλεμενοι
440 2700 521 2749 cum
539 2710 592 2750 τοι
611 2687 657 2750 Δι
675 2678 870 2778 conjungit
886 2688 924 2751 et
941 2679 1169 2776 [ennepiurn
1188 2702 1310 2753 secum
1330 2705 1418 2754 eon·

213 2807 349 2880 sentire
372 2810 492 2882 docet.
545 2808 630 2884 Neo
646 2810 749 2884 aliter
770 2812 928 2910 scriptor
948 2813 1095 2908 quidem
1113 2813 1151 2887 in
1170 2811 1418 2911 Ephemeride

213 2937 373 3012 Classico
384 2941 409 3011 ⁷.
461 2939 568 3030 Quod
594 2940 718 3014 nescio
739 2966 786 3013 en
809 2942 910 3016 mele.
965 2939 1099 3016 Postea
1123 2953 1246 3018 autem
1270 2941 1417 3018 Boiseo-

213 3071 342 3142 nadius
370 3080 602 3169 λατρειομενον
625 3093 706 3142 cum
737 3082 906 3156 ταλαντᾳν
936 3069 1130 3170 conjungit
1154 3070 1206 3145 ita
1230 3082 1273 3145 ut
1299 3082 1418 3147 vertet

214 3206 456 3290 “Talentum
493 3208 580 3282 Jooi
616 3207 782 3308 Olympio
821 3208 907 3282 laeeo
940 3210 1002 3283 oel
1032 3211 1170 3310 offmo
1211 3209 1416 3284 dicatum.”

213 3338 321 3430 Quod
355 3340 454 3414 nulio
487 3342 594 3414 modo
626 3341 774 3415 defendi
805 3353 934 3439 potest.
986 3341 1026 3415 Si
1060 3354 1297 3441 λατρειομενον
1330 3365 1415 3416 cum

213 3469 403 3571 Knightio,
433 3483 497 3546 aut
529 3473 667 3548 meliori
693 3474 811 3547 adhuc
839 3473 980 3546 ratione
1007 3472 1188 3570 explicare
1214 3493 1414 3571 possemus,

213 3598 411 3696 simplicius
438 3611 536 3674 certe
563 3611 600 3674 et
623 3601 825 3697 expeditius
857 3635 910 3676 τοι
936 3596 1147 3688 καδαλεμενοι
1177 3623 1261 3672 cum
1285 3633 1341 3673 τοι
1367 3608 1415 3674 Δι

213 3733 441 3833 conjungere
480 3733 565 3805 mihi
595 3733 747 3808 videtur.
805 3721 882 3805 ¹Sed
914 3731 986 3805 iilic
1022 3754 1171 3828 quoque
1204 3728 1327 3804 turbat
1356 3731 1414 3802 in-

213 3864 440 3935 commodum
468 3863 561 3937 istud
590 3897 642 3952 κα,
673 3888 739 3961 pro
764 3895 851 3936 κατα
878 3871 919 3934 ut
944 3860 1086 3934 ridetur
1115 3858 1285 3956 positum,
1316 3862 1415 3958 quod

213 4003 337 4068 tamen
369 3996 495 4070 nescio
524 4023 570 4071 an
599 3997 685 4072 satie
712 3998 806 4072 tueri
835 3995 978 4095 poesim.
1025 3992 1129 4070 Note
1155 3993 1301 4092 quidem
1329 4003 1416 4068 eunt

254 4228 391 4288 ¹Theoe.
420 4230 490 4292 XV.
513 4238 563 4292 48.
599 4231 701 4290 XXII.
718 4236 785 4296 127.
877 4226 1017 4286 ⁴Herod.
1033 4226 1086 4284 IV.
1103 4231 1169 4294 198.

211 4311 269 4374 lx.
291 4313 339 4378 36.
876 4326 887 4357 ⁵
910 4322 1015 4384 Herod.
1030 4320 1118 4380 VIII.
1136 4327 1202 4381 100.

252 4412 263 4444 ²
284 4411 392 4488 Theop
407 4419 477 4481 791.
877 4421 888 4452 ⁸
909 4417 1016 4476 Herod.
1031 4417 1071 4476 II.
1091 4423 1138 4477 12.

210 4505 215 4520 ’
252 4509 263 4541 ¹
283 4506 401 4586 Hippoi.
418 4515 484 4574 175.
877 4513 887 4546 ⁷
909 4511 984 4586 Eph.
999 4509 1093 4570 Ciaer.
1106 4509 1161 4572 XI.
1175 4529 1202 4588 p.
1218 4514 1288 4578 349.
