3174 5094
579 393 922 444 »nosocomus
1246 378 1353 450 xxxix

155 547 336 644 ¹‹iusidmts
384 550 411 616 t
454 555 659 639 pervetusta
696 569 775 620 esse
810 545 955 636 dicitur,
994 549 1129 644 quippe
1171 570 1277 647 quem
1315 555 1354 624 in

159 674 316 748 nummis
331 684 418 747 unte
432 699 568 748 annun
582 699 617 748 Α.
627 701 659 748 c.
670 687 756 764 72³.
775 678 925 772 reperiri
940 677 1037 752 dicct
1054 678 1320 754 Huncsrvillius
1331 681 1354 770 ¹,

158 807 262 904 cujus
295 817 416 879 nmen
448 806 697 878 auctoritatem
732 809 767 878 in
798 808 1002 906 hujusmodi
1031 833 1071 880 re
1100 809 1197 883 houd
1229 814 1354 910 mugili

160 934 268 1008 secio.
321 933 560 1035 Rocltettius²
578 956 725 1030 quoque
745 957 937 1008 macmoro
958 935 1105 1008 Clarklo
1123 939 1355 1034 exscriptum,

161 1065 259 1159 quod
289 1065 479 1158 antiquum
508 1065 679 1160 appellet,
707 1066 866 1138 ndvocut.
918 1066 990 1154 Qui
1016 1067 1153 1138 utinum
1182 1069 1355 1166 majorem

162 1215 285 1266 cuium
321 1193 358 1264 in
394 1185 723 1291 ejusmodi'rebus
754 1192 989 1266 adhibuisset.
1034 1193 1149 1268 Nunc
1180 1195 1276 1268 enim
1310 1198 1358 1270 de

164 1323 320 1396 nummis
348 1349 386 1394 s.
409 1347 442 1396 c.
474 1335 565 1410 723.
599 1323 704 1404 cusis,
739 1346 836 1395 nunc
876 1324 921 1394 de
961 1346 1138 1395 marmore
1169 1327 1358 1400 manifesto

163 1464 242 1546 post
272 1453 458 1526 llomonos
490 1451 635 1524 Graecis
668 1452 801 1546 potitos
842 1451 1017 1546 inscripto
1056 1452 1231 1546 loquitur,
1272 1455 1359 1530 huic

84 1583 86 1590 ’
163 1591 402 1674 tumensque
423 1603 466 1652 sc
485 1579 553 1652 illis
572 1602 826 1674 quamcunque
845 1579 911 1650 sibi
932 1579 1089 1652 vindicet
1107 1580 1360 1654 auctoritatem

163 1719 323 1782 vetustus
349 1708 546 1780 tribuens&

241 1839 301 1912 De
335 1836 447 1910 literis
475 1837 571 1909 rivus
598 1847 707 1906 antea
729 1835 897 1906 claudere
930 1859 1086 1932 nequeo,
1118 1861 1228 1933 quom
1261 1839 1360 1912 intes·

164 1967 286 2038 literss
320 1963 469 2036 Graecus
501 1973 565 2034 out
589 1960 847 2032 vetustissimos
878 1974 941 2034 out
972 1963 1096 2038 saltem
1132 1977 1359 2060 pervetustus

165 2103 201 2166 et
217 2089 411 2162 hodiernus
434 2087 567 2160 formas
592 2091 700 2182 (quas
714 2088 859 2182 quidem
889 2089 1008 2160 lstini
1029 2113 1151 2162 secum
1175 2089 1360 2168 aut-scis

166 2221 201 2294 in
253 2218 397 2292 hstium
437 2219 621 2302 invexere)
667 2227 801 2312 qusntn
841 2216 888 2287 sit
929 2216 1124 2288 similitudo
1159 2221 1359 2294 ostendum.

168 2345 246 2418 En!
286 2345 406 2418 literas
430 2343 579 2416 Graecos
608 2365 629 2412 a
660 2339 901 2412 monumentis
928 2341 1084 2414 indubiae
1114 2341 1197 2416 lidei
1225 2355 1263 2418 ct
1290 2346 1358 2420 aeci

167 2473 362 2570 pervetusti
390 2472 549 2542 haustus.
624 2483 632 2498 ’

211 2627 1314 2702 sucnefulttlottooevusrvxz.

239 2781 323 2853 ism
352 2777 475 2875 paucis
499 2779 690 2849 dicendum
722 2785 778 2846 est
805 2778 850 2848 de
877 2777 1132 2851 mutationibus
1160 2781 1357 2873 literarum,

169 2935 257 3008 quus
274 2907 539 3005 pronunciandi
559 2906 700 2990 rationi,
721 2915 759 2976 ut
776 2905 929 2991 videtur,
948 2907 1176 2979 consulentes
1194 2910 1230 2979 in
1251 2913 1359 3007 scrip-

166 3053 282 3114 turam
296 3037 419 3110 Graeci
433 3036 665 3107 induxerunt.
695 3033 912 3128 Euphoniae,
926 3033 962 3106 id
973 3035 1071 3129 quod
1086 3044 1210 3107 notum
1224 3047 1288 3124 est,
1302 3041 1359 3112 vel

168 3181 209 3241 ut
240 3167 362 3240 venius
396 3167 523 3252 dicum,
562 3159 823 3260 pronunciandi
857 3161 1020 3234 facilitati
1061 3185 1168 3256 quom
1203 3165 1358 3241 maxime

168 3297 383 3380 studebunt3
410 3295 532 3390 idque,
561 3317 617 3366 me
631 3293 771 3390 judice,
799 3314 941 3386 semper
963 3291 1105 3368 efficere
1122 3293 1358 3384 conabantur,

208 3539 216 3570 ¹
240 3538 456 3598 D’Hancsrvill.
471 3538 555 3596 Toni.
572 3555 611 3594 11·
626 3557 654 3610 p-
669 3533 739 3594 450·
790 3551 960 3608 Romanum.
986 3553 1047 3608 Nec
1061 3551 1236 3628 diphthongo
1251 3581 1273 3614 ει
1287 3577 1358 3631 proc

208 3634 332 3694 ‘Reoul
355 3635 390 3691 de
412 3634 441 3694 la
467 3635 612 3692 Roehetle·
655 3633 739 3691 ΠΜ
790 3648 842 3704 uisi
856 3649 957 3706 recenti
979 3655 1061 3706 aetutc
1084 3651 1232 3708 utebantur
1250 3651 1359 3714 Grueci.

169 3727 281 3786 lettres
300 3747 318 3783 a
340 3747 389 3803 my
404 3727 477 3784 Lord
500 3729 601 3784 Comtu
622 3728 740 3784 d'Abes·
792 3744 853 3817 Ego
864 3751 956 3799 autem
965 3743 998 3798 de
1009 3742 1127 3798 lectione
1135 3743 1270 3806 inferioris
1279 3747 1359 3810 liueae

110 3885 114 3897 ,
168 3827 249 3896 decu,
263 3845 291 3899 p.
305 3831 351 3893 19.
791 3837 895 3896 dubito.
916 3835 1123 3907 TPlllOE,ut
1140 3857 1204 3895 vere
1219 3839 1358 3920 Clusinius,

208 3920 382 3978 ’Rochecce
413 3920 460 3978 ubi
487 3939 581 3994 supro.
631 3922 742 3978 “Colle
792 3931 864 4004 apud
885 3929 1062 4006 Hesychium
1083 3941 1171 4003 extat,
1193 3935 1239 3990 sed
1259 3935 1359 3994 hocin

169 4015 282 4092 antique
296 4013 457 4087 inscription
469 4013 650 4086 d’Athenes.”
681 4015 742 4072 En!
792 4025 854 4082 1000
871 4023 1051 4084 ΤΡΙΠΟΥΣ
1068 4024 1122 4102 legi
1141 4027 1237 4098 doben
1258 4049 1310 4089 nec
1327 4052 1361 4096 η

170 4110 265 4183 ipsum
279 4124 417 4166 marmor.
793 4125 837 4173 est
862 4117 1009 4182 niermoris
1032 4125 1100 4176 aetus
1128 4130 1158 4176 ut
1177 4119 1205 4178 Ο
1227 4137 1279 4195 pro
1304 4123 1360 4182 ΟΥ

215 4195 439 4263 ΑΓΙΕΙΣΩΝ
448 4195 688 4262 ΙΑΝΟΣΔΙΑ
795 4211 916 4284 positum
929 4227 987 4266 esse
1001 4219 1121 4267 statuere
1135 4210 1229 4272 licent.
1257 4216 1361 4276 Forsan

213 4294 673 4364 ΤΡΙΠΟΕΑΝΕΘΕΕΑΝ.
794 4304 941 4378 legendum
961 4305 1127 4366 ΤΡΙΠΟΔ.
1171 4309 1361 4370 ΡοτῐηαΣίιι

70 4429 73 4438 1
171 4400 339 4458 Pisooiunus
367 4400 546 4474 proculdubio
574 4419 674 4460 nomen
703 4410 746 4460 est
795 4401 881 4475 priori
899 4399 972 4458 lines
992 4399 1034 4456 bis
1055 4401 1163 4472 legitur.
