3158 5104
1144 519 1148 532 ,
1175 448 1322 536 [Crass.
1350 451 1397 516 lI.

466 978 618 1060 Canes.
646 979 711 1061 ΙΙ.
766 978 918 1062 Inscn.
948 977 1123 1060 XVIII.

426 1232 541 1304 VAS
593 1225 1164 1304 AGRIGENTINUM.

616 1450 708 1508 aaa.
731 1449 799 1512 mr.
844 1451 917 1508 nm.
939 1451 978 1510 v.

722 1673 871 1716 -ψ-

273 1869 502 1962 Vnnaonon
545 1889 581 1960 in
618 1891 687 1961 hoc
724 1912 807 1962 vase
850 1887 1102 1984 inscriptorum
1146 1887 1391 1985 apographum

197 2021 411 2096 humanitati
440 2022 570 2096 summi
600 2021 668 2095 viri
697 2021 744 2095 R.
764 2022 805 2094 Ρ.
831 2020 972 2118 Knight
1005 1988 1214 2117 debeo'qui
1240 2021 1286 2092 de
1316 2020 1393 2118 ipro

196 2177 280 2227 vase
311 2153 348 2226 in
386 2152 601 2227 doctissimis
637 2152 674 2225 in
710 2152 909 2226 Homerum
945 2121 1048 2225 notis'
1076 2153 1155 2226 haee
1189 2153 1391 2251 disputavit.

65 2275 68 2281 ’
196 2283 300 2358 “Vir
336 2285 585 2374 amicissimus,
628 2297 699 2359 tam
741 2284 880 2383 ingenii
924 2284 1109 2384 elegantia
1146 2308 1254 2383 quam
1294 2288 1393 2359 varia

130 2437 136 2450 ·
195 2415 399 2490 eruditione
428 2416 592 2514 insignis,
628 2414 831 2488 Gulieimus
861 2415 1015 2488 Stenart
1047 2403 1158 2502 Rose,
1190 2437 1253 2488 vas
1282 2413 1392 2488 fictile

194 2547 343 2644 pictum,
378 2543 474 2644 qnod
511 2571 532 2629 e
566 2544 689 2619 Sicilia
723 2557 978 2644 reportaverat,
1019 2546 1104 2619 mihi
1138 2544 1393 2620 humanissime

195 2681 305 2767 dedit,
329 2678 367 2752 in
391 2702 464 2775 quo
483 2681 654 2776 scriptum
678 2681 811 2770 inveni,
839 2681 950 2756 literis
970 2681 1102 2754 Ionicis
1124 2680 1392 2778 antiquissimis,

195 2819 565 2890 ΣΟΤΣΟΤΟΣΑΕΣ
579 2844 590 2902 ,·
636 2818 733 2914 quod
776 2839 874 2889 more
917 2815 1088 2914 loquendi
1132 2824 1169 2888 et
1210 2813 1392 2889 scribendi

193 2940 408 3026 recentiore,
459 2949 630 3019 ΣΩΖΟΥ
661 2952 764 3024 ΤΟΥ
798 2953 932 3021 ΣΑΗΣ
967 2944 1190 3017 reddendum
1226 2941 1390 3029 videtum

194 3099 276 3148 nam
296 3098 428 3148 nomen
452 3075 510 3150 vix
534 3076 632 3154 aliud
656 3101 734 3151 esse
752 3087 870 3175 potest
887 3102 994 3175 quam
1019 3081 1116 3178 quod
1139 3079 1176 3152 in
1201 3077 1392 3152 Simonidis

194 3205 304 3304 Epig.
330 3230 463 3280 nxxrn.
486 3209 541 3281 ed.
568 3208 650 3283 dac.
670 3234 767 3284 nunc
786 3210 920 3310 iegitur
941 3220 1135 3302 ΣΩΣΟΣ;
1156 3222 1266 3310 atque
1290 3211 1393 3288 solita

192 3335 394 3410 variatione
426 3363 510 3436 quae
539 3339 577 3412 in
613 3341 881 3440 Smyrnaeorum
914 3342 1072 3434 ‚nammis
1104 3343 1293 3419 observata
1326 3355 1389 3433 est,

192 3467 262 3540 alia
304 3467 396 3543 forte
429 3471 582 3546 dialecto
614 3482 782 3551 ΣΩΖΟΣ
816 3475 1023 3575 legebatur.
1076 3475 1281 3564 vasculum,
1324 3475 1391 3550 etsi

193 3598 232 3672 in
258 3624 349 3700 agro
376 3603 620 3703 Agrigentino
650 3619 833 3704 repertum
861 3618 930 3696 est,
959 3608 997 3681 in
1024 3607 1128 3682 Ionia
1155 3605 1279 3706 Lyciae
1304 3631 1392 3681 eon·

193 3730 346 3804 termina
372 3731 505 3811 iactum
533 3762 612 3812 esse
634 3739 792 3812 ostendit
817 3748 893 3813 tum
918 3740 1090 3816 dialectus
1111 3752 1187 3816 tum
1210 3732 1391 3837 metrony·

194 3857 389 3934 micum¹.”

603 4014 606 4020 ’
633 4013 955 4083 ¹Ct.Herod.1.173.
