3158 5104
793 353 843 436 94
1169 343 1413 442 ·[cnuss.1r.

226 538 399 620 Secunda
413 551 423 566 ·“
447 545 591 643 quidem
640 549 704 618 ’τοῦ
737 551 857 620 Antea
900 543 1055 617 formam
1096 539 1221 632 refert,
1272 536 1413 612 duabus

227 678 341 754 hastis
373 676 512 751 scilicet
543 674 665 774 paullo
696 675 848 752 inferius
881 699 989 776 quarn
1024 673 1103 750 fieri
1128 675 1241 749 soleat
1258 667 1413 773 junctis.

231 811 339 904 Quod
372 807 535 908 quintam
570 809 710 896 attinet,
745 808 953 884 Huschkius
985 832 1069 882 curu
1093 807 1232 881 ceteris
1266 822 1298 878 Δ
1328 825 1411 878 esse

229 942 366 1018 statuit.
418 939 739 1016 Moutfauconius¹
768 942 927 1040 quidem,
951 953 992 1015 ut
1016 939 1233 1014 Huschkius
1249 937 1413 1038 ingenue

229 1071 430 1172 profitetur,
464 1071 571 1146 Dcite
596 1071 883 1170 quadrangulum
905 1093 1083 1167 nusquam
1110 1067 1258 1166 reperiri
1279 1065 1349 1140 nisi
1374 1064 1412 1138 in

231 1205 355 1279 codice
380 1206 535 1303 quodarn
562 1203 695 1278 saecuio
722 1203 809 1276 vll.
846 1203 978 1299 scripto
1003 1202 1137 1276 durium
1163 1199 1299 1281 statuit.
1361 1201 1414 1274 At

227 1339 306 1436 ipse
339 1335 546 1410 Huschkius
577 1335 658 1408 dno
683 1334 849 1433 exarnpia
878 1345 910 1408 e'
924 1336 1015 1409 unsis
1041 1334 1176 1431 profert
1199 1331 1261 1406 ubi
1284 1333 1411 1407 eadem

226 1471 330 1548 litera
355 1469 482 1542 eodem
519 1468 625 1542 modo
654 1478 801 1543 exarata
831 1465 921 1543 θεῖ’.
971 1467 1072 1542 Idem
1088 1464 1411 1552 ,sextantiteraur

230 1611 262 1676 O
281 1624 359 1675 esse
377 1597 511 1674 statuit.
561 1599 611 1674 At
627 1599 657 1672 si
675 1600 761 1695 quid
783 1599 947 1697 exempla
965 1599 1238 1697 auctoritasque
1258 1597 1413 1685 valeant,

226 1729 459 1827 sculptorque
477 1728 608 1802 tabulae
626 1727 873 1804 Huschkianae
891 1729 1011 1808 literas
1025 1737 1193 1803 accurate
1209 1753 1230 1802 e
1246 1751 1330 1802 vase
1349 1751 1412 1810 ex·

227 1857 431 1955 scripserit,
456 1857 583 1956 quinta
599 1858 705 1932 litera
721 1869 775 1934 est
797 1865 840 1950 O,
859 1868 1093 1938 sextaratam
1112 1874 1143 1934 Δ
1158 1857 1215 1936 vel
1233 1859 1352 1932 forsan
1370 1861 1411 1946 1³,

226 1989 273 2068 lu
296 1962 549 2061 vetustioribus
568 1987 664 2061 eninr
683 1987 805 2087 titulis,
834 1989 891 2066 hae
917 1987 1031 2064 litere
1047 1963 1173 2062 eodem
1202 1988 1278 2062 fere
1308 1988 1413 2068 modo

226 2121 461 2220 effinguntur.
509 2119 602 2212 Quae
616 2121 646 2196 si
661 2145 746 2195 vera
762 2119 845 2208 sint,
863 2119 1020 2196 concidit
1037 2120 1186 2194 omnino
1203 2120 1329 2222 pulcra
1346 2122 1411 2215 ista

225 2245 410 2329 Huschkii
435 2251 480 2324 de
506 2249 694 2324 Sirenibus
725 2248 932 2346 disputatio.
987 2247 1184 2325 Kohlerus⁵
1218 2261 1339 2328 autem
1373 2275 1412 2326 sc

225 2387 340 2466 hocce
376 2407 436 2458 vas
472 2406 567 2480 saepe
605 2391 776 2457 tractasse
813 2391 974 2488 testatur,
1007 2393 1045 2455 et
1080 2357 1261 2462 neminem
1300 2385 1411 2467 oculis

225 2537 354 2590 sanum
382 2522 417 2586 et
446 2511 728 2612 Palaeographiae
750 2515 902 2611 peritum
927 2513 1065 2611 aliquid
1089 2527 1219 2614 praeter
1243 2515 1415 2598 καλεδοκες

224 2646 266 2725 in
290 2668 334 2718 eo
359 2642 519 2741 reperire
536 2665 641 2740 posse
660 2643 856 2720 contendit.
906 2643 1072 2722 Millinus
1089 2645 1174 2742 post¹
1187 2645 1410 2723 Viscontiurn

224 2773 411 2870 marmoris
438 2773 648 2869 scripturam
672 2770 747 2846 vult
774 2773 970 2872 corrigere,
998 2787 1038 2849 ut
1057 2773 1198 2874 legatur
1221 2790 1411 2878 καλεορνεςς

213 2895 290 2984 ¹sed
308 2917 346 2981 ut
362 2930 446 2982 rere
465 2904 658 2992 Kohlerus,
677 2929 747 2978 non
768 2928 861 2978 nova
879 2907 1118 3005 excogitanda
1131 2921 1230 3000 suut,
1251 2921 1289 2984 at
1310 2937 1411 3011 qnae-

224 3041 377 3146 rendum
406 3047 461 3111 est
488 3038 669 3135 quomodo
692 3061 775 3135 quae
801 3035 837 3108 iu
865 3061 1039 3111 marmore
1057 3050 1182 3113 extent
1200 3042 1412 3142 explicanda
1474 3135 1475 3142 χ

225 3170 384 3246 veniant.
441 3168 589 3242 Kohleri
617 3167 806 3241 lectionem
840 3167 946 3240 unice
972 3193 1091 3244 verarn
1120 3194 1199 3245 esse
1221 3176 1411 3252 confirmat

223 3296 427 3402 Osaunus⁴.
654 3391 656 3394 Ι
1265 3279 1268 3286 ’

299 3433 392 3506 Cum
420 3432 500 3506 haec
524 3431 574 3504 ita
606 3431 690 3518 siut,
718 3452 786 3504 uec
812 3427 897 3503 satir
924 3442 1066 3508 constet
1090 3439 1273 3530 quomodo
1295 3409 1410 3516 literae

224 3566 391 3666 legendae
418 3563 500 3653 sint,
526 3563 571 3636 de
597 3559 892 3658 interpretatione
918 3561 1133 3663 epigraphes
1162 3567 1297 3667 aliquid
1326 3540 1410 3670 pro·

154 3685 157 3696 ’
225 3699 318 3772 ferre
344 3693 663 3794 pinueridiculum
690 3703 795 3766 esset.

265 3923 440 3987 ‘Montana
467 3925 528 3986 Pal.
564 3924 616 3982 Gr.
645 3921 709 3980 Lib.
735 3921 791 3984 HL
829 3941 833 3948 ·
881 3919 1409 4008 ³KohierusapudBiittiger.Amaith.

220 4031 335 4106 praa.
419 4069 421 4074 .
740 4068 745 4090 ,
840 4023 1041 4098 r.1.p.sor.

264 4112 422 4178 ²Viscout.
446 4117 521 4177 Mus.
538 4115 683 4176 Pio-clem.
705 4115 788 4174 T.11.
838 4143 842 4154 ·
875 4121 888 4152 ⁴
911 4121 1019 4178 Osann.
1032 4123 1107 4198 apud
1121 4125 1254 4203 Bottiger.
1280 4128 1409 4196 Amalth.

223 4213 332 4294 prot.
356 4225 377 4277 r.
395 4209 466 4276 ras
525 4209 527 4217 '
631 4217 633 4224 '
839 4219 872 4276 T.
889 4218 929 4278 11.
944 4226 1055 4304 para.
