3218 5116
192 369 325 434 lusca.
354 360 408 436 V·]
779 366 845 428 131

191 559 331 612 nomen
367 535 405 618 in
444 555 624 608 marmore
660 532 868 634 legeremus
909 557 957 606 ne
987 533 1126 612 scilicet
1161 533 1240 606 haec
1276 531 1396 624 Heca,-

190 667 319 742 tomhe
350 683 433 740 cum
470 665 529 740 illa
556 663 830 765 Panathenaica
852 665 1155 772 ‚confunderetua
1208 666 1283 740 Sed
1313 690 1397 764 pro·

192 801 294 908 secto
322 801 479 876 dubiten‘
512 810 630 899 potest
658 825 706 876 an
740 800 969 876 Hecatombe
1003 803 1040 874 in
1077 800 1155 874 ullis
1181 799 1260 874 aliis
1288 801 1396 874 sacris

192 933 436 1007 Athenienses
461 933 515 1006 usi
539 932 630 1008 sint.
675 933 732 1008 Ex
755 931 1010 1030 Aristophanis
1028 931 1253 1008 Scholiaste¹
1283 942 1394 1030 patet,

193 1066 324 1153 multos
353 1066 464 1140 boves
499 1065 829 1142 Panathenaeorum
858 1075 1021 1161 tempore
1053 1063 1217 1164 undique
1248 1074 1394 1139 coactos

186 1222 285 1287 esse,
312 1205 352 1269 ut
380 1196 507 1294 optimi
537 1197 572 1268 in
592 1197 697 1307 ‘hanc
725 1195 977 1270 Hecatomben
1009 1193 1249 1296 eligerentur.
1296 1193 1392 1268 Curn'

188 1326 228 1399 hi
258 1335 404 1398 centum
437 1325 546 1398 boves
580 1324 745 1424 quinque
777 1323 934 1396 millibus
970 1332 1116 1396 centum
1144 1331 1188 1394 et
1220 1333 1394 1420 quatuor-

187 1454 310 1532 decim
327 1457 504 1530 drachmis
525 1465 747 1545 emerentur,
774 1455 908 1553 cuique
925 1455 1081 1551 pretium
1099 1454 1219 1552 paullo
1233 1454 1394 1552 emplius.

187 1586 461 1686 quinquaginta
475 1597 513 1662 et
530 1612 603 1661 una
616 1588 797 1661 drachmis
807 1599 901 1662 emt.
944 1587 1017 1660 Sed
1037 1565 1188 1688 triginta
1201 1598 1238 1661 et
1253 1565 1391 1685 septem

189 1733 317 1820 postea
350 1722 469 1810 annis,
505 1689 615 1804 boris·
642 1720 793 1820 pretium
830 1721 1016 1820 octoginta
1054 1720 1234 1795 drachmis
1269 1718 1391 1816 paullo

190 1852 335 1926 minus⁹
361 1877 454 1942 esse,
481 1877 503 1926 e
529 1877 706 1928 marmore
731 1852 968 1928 Sandvicensi
994 1853 1082 1964 satis
1107 1863 1219 1950 patet.

266 1985 534 2084 Aspirationem
557 1997 643 2060 ante
665 2009 791 2060 rocem
813 1985 992 2078 ἑκατόμβη
1013 1985 1132 2060 omitti
1153 2009 1261 2059 nemo
1284 1983 1391 2058 mire-

187 2129 260 2204 tur,
281 2115 414 2214 saepius
429 2114 527 2188 enim
546 2139 656 2212 quum
676 2116 711 2187 in
735 2116 804 2189 hoc
819 2125 895 2188 tum
914 2114 950 2188 in
964 2114 1045 2188 aliis
1065 2115 1301 2189 marmoribus
1316 2115 1393 2213 sac-k

190 2261 280 2324 tum.
330 2248 439 2340 Quod
462 2271 586 2320 vocem
609 2253 802 2328 AthhOl
824 2247 965 2332 attinet,
1002 2246 1221 2320 Elinsleius³
1242 2246 1392 2346 conjicit

191 2390 406 2472 nrtttot,
433 2381 543 2480 quod,
570 2380 599 2452 si
638 2381 767 2454 ductus
799 2380 982 2456 literarum
1019 2391 1173 2478 spectes,
1196 2381 1296 2454 hene
1323 2355 1393 2454 exss

189 2515 402 2616 cogitatum.
457 2514 508 2588 Et
530 2515 578 2588 ita
596 2515 697 2588 dedit
715 2514 914 2604 Bdckhius,
941 2515 1177 2614 Diogenem*
1198 2515 1392 2606 advocans,

189 2647 286 2718 unde
310 2623 473 2746 Gryllum
502 2645 760 2744 Xenophontis
782 2659 920 2744 patrem
947 2673 967 2720 e
995 2646 1143 2746 populo,
1168 2646 1226 2720 cui
1255 2671 1386 2720 nomen

177 2771 334 2874 Ἕρχεια,
387 2775 499 2850 fuisse
549 2787 661 2873 patet.
723 2776 798 2849 Sed
845 2775 922 2872 ipse
968 2799 1085 2872 nuper
1124 2775 1162 2847 in
1209 2797 1389 2848 marmore

184 2913 382 2988 nttttot
420 2906 613 3006 perspicuo
638 2907 723 2980 vidi.
775 2903 826 2977 Et
864 2905 1039 3003 profecto¹
1062 2904 1153 2977 nihil
1187 2914 1242 2976 est
1274 2889 1386 3000 quare
1506 2995 1509 3004 y

186 3039 233 3110 de
249 3037 321 3110 hoc
339 3037 487 3109 nomine
506 3021 719 3128 dubitemus,
745 3021 830 3108 cum
857 3033 944 3108 satir
969 3025 1096 3107 notum
1120 3033 1177 3107 sit.
1223 3015 1393 3134 Diyllum

185 3172 400 3244 statuarium
424 3169 867 3268 memoratl’ausuniasi‘.

262 3304 375 3377 Pam.
398 3304 472 3377 lll.
516 3304 590 3396 Qui
612 3288 648 3376 in
681 3306 749 3376 hac
777 3299 951 3402 Prytanis
972 3310 1192 3376 memoratur
1213 3297 1394 3400 Pericles,⁴

186 3432 283 3508 filius
313 3443 394 3508 emt
427 3436 576 3510 Periclis
606 3435 701 3510 illius
732 3435 838 3508 facile
869 3434 1147 3507 Atheniensium
1179 3431 1387 3531 principis⁶.
1439 3434 1442 3442 '

186 3563 248 3636 De
271 3561 459 3638 Hermone
485 3565 643 3660 quodam
666 3567 795 3638 eodem
816 3565 938 3639 forsan
957 3561 1079 3636 acillo
1101 3563 1161 3636 hic
1179 3568 1387 3650 memorato,
1485 3561 1489 3572 '

183 3692 300 3766 multa
326 3691 428 3766 multi
443 3693 468 3769 ⁷.
521 3696 635 3794 Pylus
659 3721 682 3768 a
703 3693 1004 3784 lacedemoniis,
1030 3695 1218 3768 Archonte
1242 3681 1385 3782 Diocle,

223 4021 236 4053 ¹
258 4015 355 4078 Schol.
374 4015 522 4104 Aristoph.
536 4017 613 4079 Nus.
627 4024 698 4079 3⁸5.
848 4018 861 4051 ⁸
883 4019 1005 4080 Pacscn.
1020 4017 1060 4079 X.
1077 4023 1126 4079 1³.

222 4111 236 4144 ²
259 4111 355 4171 Mults
379 4113 415 4171 dc
440 4113 485 4171 his
513 4116 593 4174 rebus
621 4115 761 4190 congessit
848 4118 929 4176 ‘Ch
944 4119 1018 4178 Xen.
1035 4117 1124 4176 Mem.
1138 4117 1195 4178 lll.
1210 4121 1237 4178 5.

186 4207 329 4267 Bdckhius
342 4207 426 4272 Tom.
441 4209 464 4267 l.
477 4227 506 4286 p.
522 4215 568 4270 80.
584 4221 630 4288 sq.
646 4211 723 4290 (Lib.
736 4212 758 4272 l.
850 4216 862 4250 ⁷
883 4213 928 4272 Cl.
938 4213 1067 4292 Thucyd.
1084 4219 1289 4284 v111.89.92.
1311 4210 1385 4276 Ptut

187 4310 305 4378 §.ld.)'
808 4313 837 4369 in
853 4311 947 4370 Alcib.
961 4311 1045 4370 Tam.
1060 4313 1085 4372 l.
1112 4333 1140 4388 p.
1154 4317 1224 4372 905.
1239 4311 1274 4371 C.
1316 4309 1385 4390 Lys.

226 4397 238 4432 ⁸
259 4401 337 4461 Mus.
351 4401 424 4464 Crit.
439 4402 523 4462 Tom.
538 4404 562 4463 l.
586 4423 613 4480 p.
627 4403 696 4475 ³69.
809 4405 839 4462 in
854 4407 941 4478 Agor.
958 4424 984 4480 p.
999 4413 1067 4466 258.
1107 4406 1229 4481 Lycurg.
1243 4405 1271 4461 in
1286 4405 1384 4464 Lcocr.

212 4497 240 4532 ¹
261 4499 348 4578 Diog.
362 4497 455 4560 Laert.
470 4500 508 4560 ll.
521 4507 572 4561 48.
810 4519 837 4574 p.
856 4496 921 4557 164.
943 4499 1006 4558 Lib.
1020 4499 1074 4557 IV.
1097 4499 1150 4556 Ed.
1165 4499 1263 4578 Steph.
1382 4577 1384 4585 y
