3188 5102
799 393 872 454 ³32
1227 395 1375 480 [Causa.
1397 399 1459 464 vt.

261 575 480 660 comparent,
501 563 564 636 sed
581 529 746 636 Alamen
766 575 804 637 et
824 575 856 638 Δ
873 564 1005 638 nullius
1027 566 1142 641 lerme
1155 568 1341 665 alphabeti
1360 587 1455 648 sunt.

262 693 404 767 Puncta
426 695 595 766 adversus
612 691 735 779 finem,
764 717 831 766 nec
854 693 965 791 Sigea
987 717 1059 768 nec
1083 695 1301 771 parisiensis
1326 701 1457 774 babent

261 849 330 898 nec
363 822 616 897 vetustissima·
660 822 754 893 aliae.
821 822 970 921 Figurae
1014 823 1124 918 prisci
1160 829 1282 922 operis
1324 828 1454 902 larvam

259 953 426 1048 imperite
471 950 620 1023 omnino
659 952 832 1024 inducere
873 951 1055 1024 occultum
1097 952 1253 1026 lusorem
1299 956 1455 1030 voluisse

259 1084 492 1182 patefaciunt.
560 1080 777 1176 Quicunque
820 1079 945 1176 priscis
990 1080 1207 1178 anaglyphis
1258 1085 1454 1157 assueverit

261 1215 393 1289 dorem
433 1211 532 1284 videt
570 1209 648 1281 sere
692 1208 905 1298 imberbem,
943 1210 1059 1305 capite
1104 1211 1276 1287 inusitate
1326 1228 1453 1288 ornato

259 1355 297 1418 et
327 1367 428 1418 avem
462 1343 600 1415 invola
633 1342 1115 1416 manus-habentem-vas
1147 1345 1185 1415 in
1214 1347 1333 1419 medio
1365 1349 1453 1419 miro

258 1470 470 1558 fulcimento
503 1467 680 1554 innixum,
719 1478 756 1539 et
792 1468 975 1540 bominem
1008 1451 1152 1572 nudum·
1182 1471 1220 1542 in
1257 1485 1450 1568 conspectu

258 1607 374 1694 doris,
407 1629 545 1690 manus,
577 1612 618 1674 ut
644 1605 796 1691 videtur,
826 1603 1049 1676 abluentem.
1097 1605 1349 1702 inscriptionis
1378 1609 1451 1680 haec

259 1749 315 1811 esl
338 1735 485 1809 locullo.
536 1733 688 1810 Μάνθεος
701 1735 804 1806 Ἀιθοῦ
822 1736 1019 1832 εὐχαριστεῖ
1037 1736 1096 1810 Διί
1110 1737 1162 1807 ἐπί
1181 1749 1248 1840 νίκῃ
1265 1739 1454 1810 πεντάθλου

255 1867 381 1946 merlis.
450 1865 650 1939 Mantheus
686 1865 884 1938 inauditum
921 1890 1052 1942 nomen
1089 1880 1158 1940 est.
1229 1871 1339 1959 Quod
1370 1871 1450 1942 sub·

255 1998 419 2094 requitur
446 2018 578 2068 nomen
599 2016 759 2090 unquam
783 1993 904 2066 videre
932 2017 1006 2065 non
1026 1997 1184 2068 memini.
1236 1995 1451 2095 Ἐνχαρνστεῖ

255 2127 384 2204 Διίίπί
406 2134 475 2230 νίκῃ
502 2150 574 2198 non
594 2125 728 2196 ιίοποοο
747 2123 811 2196 dut
839 2125 902 2196 sed
930 2124 1076 2218 gratiam
1099 2125 1182 2220 ogit
1200 2151 1271 2220 pro
1297 2127 1447 2200 victoria

253 2255 372 2343 ralet3
399 2277 443 2328 eo
464 2261 585 2326 autem
604 2274 712 2325 sensu
739 2251 786 2322 ab
811 2249 972 2346 antiquis
989 2274 1033 2324 ac
1057 2251 1218 2347 probatis
1241 2253 1449 2326 auctoribus

253 2407 328 2457 non
354 2380 555 2473 adhibitum
579 2378 690 2454 luisse
716 2378 791 2472 ipse
819 2375 954 2448 latetur
983 2377 1202 2450 Bimardius.
1255 2383 1450 2454 Πεντάθλου

252 2515 369 2592 παιδός
399 2513 517 2587 reddit
540 2510 743 2583 Bimartlius
765 2535 834 2604 pro
859 2509 1011 2582 uictoria
1030 2509 1259 2608 quinquertio
1283 2512 1422 2607 puerili
1430 2543 1447 2596 ‚-

252 2643 437 2717 reddenda
463 2641 584 2735 potius
602 2640 771 2712 videntur
782 2663 852 2733 pro
865 2639 945 2734 filii
968 2637 1123 2711 victoria
1141 2640 1181 2710 in
1205 2641 1446 2737 quinquertio.

253 2777 302 2848 nt
324 2795 489 2869 quaenam
510 2771 588 2841 haec
610 2777 674 2840 aut
691 2768 833 2852 Graece,
857 2778 920 2839 aut
949 2770 1078 2841 latine
1106 2770 1279 2866 loquendi
1298 2769 1448 2842 lormula

252 2905 319 2988 νίκη
343 2900 533 2973 πεντάθλου
549 2893 672 2986 παιδός,
698 2895 845 2968 victoria
866 2870 1040 2991 pentatbli
1066 2897 1219 2992 pueri?
1262 2897 1353 2970 Haec
1371 2899 1446 2992 ipsa

251 3020 362 3108 verba
391 3055 412 3104 e
446 3041 568 3102 nostro
602 3049 777 3098 marmore
818 3027 932 3120 (quod
962 3025 1242 3098 vetustissimum
1278 3025 1447 3122 appellat)

252 3157 355 3257 quasi
383 3159 479 3231 bene
509 3157 653 3239 Graeca,
677 3153 829 3225 advocat
857 3148 1061 3238 Osannus¹,
1089 3176 1196 3247 quem
1227 3151 1306 3248 ipsa
1339 3135 1447 3246 quam

251 3293 290 3364 in
314 3315 358 3364 eo
380 3291 462 3362 loco
483 3295 613 3361 tractat
634 3283 833 3378 inscriptio,
859 3284 1002 3378 locique
1022 3311 1111 3382 quos
1127 3289 1295 3383 appellat,
1323 3297 1447 3369 melius

252 3425 384 3494 docere
417 3419 628 3516 potuissent.
683 3417 879 3488 Πένταθλον
911 3411 1042 3503 παίδων,
1078 3443 1151 3489 οοο
1185 3417 1301 3496 παιδός
1330 3424 1445 3514 Quin·

251 3557 431 3654 quertium
454 3551 613 3639 Puerile,
639 3551 695 3622 vel
724 3548 957 3644 Quinquertii
989 3551 1084 3622 inter
1106 3575 1236 3647 pueros
1263 3567 1444 3629 certamen

251 3689 380 3761 Graece
409 3685 632 3782 significaret
645 3681 672 3770 ²,
700 3685 798 3780 quod
827 3682 897 3753 hoc
929 3681 964 3752 in
1000 3683 1081 3754 loco
1110 3685 1321 3782 scriptorem
1354 3689 1443 3762 velle

249 3832 352 3920 puto.
411 3821 471 3893 De
496 3841 688 3915 puerorum
716 3816 809 3887 ludis
837 3816 946 3887 multa
971 3814 1050 3886 luca
1075 3815 1213 3912 profert
1237 3820 1442 3893 Osannm’.

291 4046 301 4078 ¹
323 4047 432 4105 Osann.
444 4045 515 4123 Syll.
530 4065 559 4120 p.
572 4051 642 4103 900.
652 4045 721 4102 Not.
870 4061 888 4099 a
907 4061 934 4115 p.
947 4057 997 4100 cc.
1017 4043 1077 4116 ejus
1097 4042 1188 4116 operis
1207 4043 1337 4103 advocat.

290 4139 378 4200 ⁸Cl.
426 4139 513 4196 lusor.
557 4137 630 4211 apud
679 4135 818 4192 llluratnr.

251 4239 435 4291 ncxnrxaet
447 4229 554 4287 Osann.
565 4248 594 4303 p.
607 4234 674 4296 199.
688 4239 718 4285 et
732 4227 819 4284 lnscr.
910 4235 923 4270 ³
942 4229 1025 4286 Pane.
1049 4243 1096 4284 vr.
1111 4233 1142 4296 2,
1160 4231 1189 4285 8.
1211 4227 1284 4309 (bis)
1310 4245 1373 4287 vrr.
1395 4225 1439 4286 16.

250 4325 372 4400 Neapol.
396 4324 468 4398 apud
501 4323 582 4380 Man
609 4322 686 4379 llus.
713 4319 817 4376 Veron.
871 4318 1021 4377 Demostb.
1057 4318 1087 4376 in
1118 4319 1267 4378 Theocrin.
1297 4339 1326 4396 p.
1355 4327 1438 4382 1³⁴2.

250 4433 458 4476 ccccaxxtx.
485 4435 569 4492 quarn
596 4415 728 4470 Osannua
748 4411 819 4470 salso
871 4412 1009 4472 Mutatur.
1024 4432 1051 4487 p.
1065 4409 1134 4472 641.
