3176 5094
224 301 248 371 il
654 333 1000 390 rnonnoousns.

225 494 461 558 monumenta
492 500 710 583 quaerentes,
741 493 904 580 Gruteri‚
943 495 1150 584 Muratorii,
1187 501 1243 573 vel
1285 501 1420 575 Donati

224 626 422 691 “monstra
455 619 514 692 illa
546 623 751 696 horrenda'’
785 627 841 699 vel
871 628 985 700 oculis
1022 631 1283 722 perlustrdrint.
1336 635 1420 709 Nec

222 749 383 848 ingentis
414 760 554 824 tantum
581 753 695 841 molis,
725 757 788 827 sed
816 756 958 852 plurimi
983 783 1130 856 quoque
1159 788 1309 838 numero
1339 763 1419 837 libri

222 883 411 954 evolvendi
446 895 543 968 sunt,
583 910 737 980 quorum
779 887 925 983 quidem
966 891 996 961 si
1032 894 1178 965 nomiria
1214 897 1420 998 exscribere

220 1008 363 1096 vellem,
400 1009 523 1082 nescio
550 1011 657 1106 plane
683 1014 759 1108 ipse
789 1038 896 1112 quem
927 1017 1034 1090 finem
1065 1022 1197 1095 laboris
1229 1026 1418 1098 habiturus

221 1162 349 1211 essem.
400 1139 451 1212 Et
483 1151 618 1236 praeter
650 1142 929 1239 inscriptionum
965 1147 1178 1246 sartagines,
1223 1158 1419 1249 quaerenda

219 1279 304 1342 sunt
338 1295 485 1367 quoque
524 1270 714 1343 Itineraria
753 1273 913 1343 omnium
952 1274 1015 1368 qui
1048 1277 1085 1346 in
1116 1277 1267 1351 Graecia
1302 1307 1420 1378 nuper

219 1402 445 1500 peregrinati
464 1410 561 1488 sunt,
584 1423 665 1471 cum
686 1411 818 1472 nostrae
836 1403 951 1474 aetatis
973 1404 1139 1478 homines
1161 1431 1336 1482 summam
1364 1414 1418 1484 di-

219 1533 408 1631 ligentiam
436 1534 475 1604 in
503 1531 653 1605 vetustis
681 1534 923 1606 monumentis
947 1538 1193 1613 exscribendis
1217 1546 1416 1639 posuerint.

178 1693 182 1704 ·
220 1665 292 1737 Sed
337 1666 465 1736 borum
509 1664 671 1736 omnium
713 1663 885 1738 librorum
927 1692 973 1740 ne
1015 1692 1126 1742 unum
1163 1672 1309 1767 quidem
1347 1677 1417 1751 nisi

219 1819 353 1894 magno
385 1793 516 1890 pretio,
559 1792 729 1888 plurimos
761 1803 882 1867 autern
917 1796 976 1868 vix
1009 1818 1053 1867 nc
1089 1821 1137 1868 ne
1172 1798 1232 1871 vix
1268 1802 1415 1898 quidem

92 1978 98 1986 -
217 1929 314 2024 apud
340 1924 552 2019 bibliopolas
586 1921 640 2006 vel
669 1921 922 1995 Londinenses
953 1925 1009 1996 vel
1043 1925 1227 1998 Parisinus
1257 1931 1416 2024 reperire

216 2059 341 2156 possis.
392 2057 499 2147 Quod
522 2057 616 2129 idem
641 2039 696 2127 de
711 2055 810 2127 libris
836 2056 1054 2130 Teutonicis
1077 2070 1113 2130 et
1139 2060 1272 2135 Italicis
1299 2089 1417 2160 nuper

217 2192 322 2266 editis
364 2191 499 2264 dictum
542 2197 642 2284 puta,
681 2210 847 2285 quorum,
887 2189 1049 2284 quamvis
1092 2201 1129 2261 et
1172 2193 1334 2268 doctrina
1378 2209 1416 2271 et

216 2325 369 2398 utilitate
409 2320 582 2394 uberrimi
621 2319 704 2404 sint,
747 2344 795 2391 ne
829 2320 976 2392 dimidia
1020 2321 1165 2416 quidem
1208 2351 1289 2422 pars
1331 2329 1415 2402 Bri-

214 2453 374 2527 tanniam
410 2450 565 2541 'invisit'
637 2449 681 2521 Id
722 2458 844 2521 autem
881 2448 1041 2520 omnium
1080 2452 1233 2526 maxime
1274 2455 1414 2530 incom-

215 2587 360 2660 modum
389 2583 533 2668 accidit,
571 2581 667 2678 quod
698 2579 833 2651 nullam
861 2581 938 2652 fere
969 2581 1139 2677 ἀκρίβειαν
1171 2593 1235 2656 aut
1265 2586 1332 2680 ipsi
1371 2587 1410 2662 in

217 2714 462 2792 exscribendis
489 2711 724 2788 marmoribus
758 2721 822 2782 aut
859 2711 896 2782 in
929 2715 1150 2812 apographis
1183 2727 1291 2790 certae
1325 2720 1411 2794 lidei

216 2846 489 2946 comparandis²
512 2843 746 2918 adhibuerint
766 2842 934 2937 plerique
959 2843 1181 2944 farraginum
1211 2861 1410 2926 coactores.

254 3167 263 3201 ¹
284 3161 409 3224 Pretium
430 3177 519 3236 operae
539 3169 583 3218 est
605 3165 700 3216 notare
722 3157 785 3216 haec
835 3159 913 3219 nium
928 3161 1079 3236 expendas,
1093 3163 1131 3220 cf.
1146 3171 1202 3221 tros
1215 3163 1409 3238 inscriptiones

213 3256 448 3335 eedemconqueri
457 3257 651 3312 liurrnannum
662 3255 690 3310 in
700 3254 784 3312 Prael.
834 3255 863 3311 in
887 3257 984 3313 eadem
1007 3257 1121 3333 pagina,
1142 3259 1191 3334 (T.
1205 3260 1259 3318 lll.
1282 3281 1309 3336 p.
1327 3267 1410 3338 too.)

213 3357 249 3414 ad
264 3353 379 3414 Gruteri
393 3353 581 3408 Thesaurum.
622 3345 783 3410 “Pluribus
836 3351 919 3416 Quod
941 3351 1132 3410 bluratorium
1157 3355 1266 3426 attinet,
1300 3355 1336 3413 cf.
1363 3357 1407 3413 in-

213 3449 305 3508 libris''
324 3449 372 3516 nit,
395 3444 523 3521 “quibus
545 3439 719 3497 continentur
742 3441 784 3495 in·
834 3443 1012 3518 scriptionem
1043 3447 1118 3520 apud
1152 3466 1216 3505 eum
1245 3448 1301 3526 (ll.
1325 3448 1408 3526 5760

213 3541 384 3614 scriptiones,
407 3540 443 3595 ob
460 3537 580 3612 pretium
593 3545 621 3592 et
634 3534 781 3592 caritatem
834 3537 880 3594 ubi
901 3538 1054 3596 ΤΑΜΙΔΙ
1076 3559 1126 3613 pro
1143 3541 1307 3612 ΤΑΜΙΑΙ,
1329 3544 1409 3602 Ert-

212 3639 300 3714 (docti
313 3639 377 3712 viri)
392 3655 484 3694 curere
497 3637 658 3710 coguntur?
832 3633 1040 3690 'l‘Yl‘lEHIN
1063 3651 1113 3706 pro
1138 3636 1186 3692 ΕΓ
1190 3635 1404 3696 ΙΨΗΦΙΖΕΙΝ

253 3732 350 3788 'Hoc
373 3731 484 3788 nomine
506 3739 571 3785 ante
596 3727 666 3784 alios
691 3746 782 3802 repre·
831 3738 860 3784 et
891 3727 1026 3801 ejusmodi
1055 3727 1146 3784 millia
1177 3731 1306 3803 reperies.
1349 3734 1405 3791 Sed

212 3827 351 3885 hendendi
378 3824 494 3880 veniunt
520 3821 684 3892 Pocockius,
714 3821 782 3894 Spo-
831 3827 863 3876 ut
882 3819 981 3876 melius
996 3818 1136 3893 intelligas
1154 3822 1187 3879 L.
1196 3823 1231 3883 Β.
1254 3841 1323 3899 quas
1337 3825 1405 3885 deli-

214 3921 284 3988 nius‚
307 3917 453 3976 Wbelerus
471 3925 500 3974 et
515 3913 697 3983 Muratorius,
717 3931 782 3988 quo·
832 3911 890 3968 cias
909 3912 937 3968 in
959 3911 1118 3986 hujusmodi
1137 3919 1315 3990 scriptoribus
1342 3939 1405 3995 per.

212 4031 369 4089 sumopere
378 4012 536 4070 foedissimis
546 4003 652 4068 mendis
664 4019 781 4070 scatent.
832 4006 953 4081 legendis
966 4008 1087 4082 experiri
1103 4010 1204 4085 possis,
1220 4014 1316 4090 accipe
1337 4017 1405 4090 Epi-

213 4108 367 4170 Pococlrius
374 4107 485 4183 quidem
491 4106 597 4164 nullam
606 4105 662 4164 fere
669 4106 783 4181 inscrip·
832 4119 963 4174 gramma
976 4101 1215 4162 aMoutfuuconio
1227 4104 1300 4183 (viro
1308 4113 1402 4166 tumen

212 4211 316 4268 tionem
340 4205 432 4282 tetigit
449 4223 534 4282 quam
558 4222 613 4260 non
641 4201 778 4273 corrupit;
831 4193 953 4269 plurima
974 4197 1099 4255 doctrina
1126 4199 1238 4276 referto)
1267 4199 1296 4256 iu
1319 4200 1401 4260 Diar.

213 4306 285 4382 quod
306 4304 380 4362 idem
403 4304 438 4360 de
460 4300 587 4376 plurimis
608 4317 627 4354 a
648 4295 780 4353 Wbelero
831 4290 895 4356 Ital,
927 4310 954 4366 p.
969 4298 1040 4363 428,
1068 4303 1097 4351 et
1123 4313 1142 4351 a
1168 4294 1326 4353 Muratorio
1348 4295 1402 4373 (¹¹2

210 4394 357 4472 exscriptis
370 4415 434 4454 vere
447 4394 502 4453 dici
515 4401 614 4468 potest.
653 4391 695 4448 Ut
709 4389 778 4464 Spo-
832 4388 935 4464 1079),
957 4387 1059 4460 publici
1078 4389 1150 4462 juris
1170 4387 1286 4449 luctum.
