3158 5104
808 361 878 435 116
1193 365 1343 463 [Crass.
1364 377 1428 445 111.

248 552 359 628 lineas
394 553 571 654 supplerit
604 553 844 630 Tlriersctrius
904 553 947 630 ln
979 553 1077 630 linea
1116 579 1224 650 nona,
1257 561 1430 658 preclare

248 693 285 758 et
309 692 407 760 certa
431 695 486 759 est
510 684 719 784 conjectura
744 681 787 759 P.
808 684 852 761 P.
874 683 1035 774 Dobraei,

610 842 783 914 ΔΕΜΟΣ
814 843 1067 929 ΕΡΕΧΘΕΟΣ,

246 1019 316 1072 neo
336 1000 449 1100 magis
473 998 620 1072 dubium
648 1007 704 1073 est
730 999 841 1098 ipsius
871 995 1080 1072 Thierschii
1105 998 1144 1072 in
1169 999 1266 1077 linea
1290 1004 1429 1078 decima

245 1125 546 1228 supplementum,
580 1152 666 1203 cum
694 1127 752 1228 (nt
779 1127 838 1203 ille
864 1127 980 1222 recte)
1014 1130 1078 1231 ΠΡ
1102 1129 1220 1204 adhuc
1249 1131 1427 1232 inlepide

244 1276 330 1354 satis
349 1273 487 1376 liquido
504 1276 621 1377 quivis
637 1275 762 1380 legere
778 1277 901 1374 possit.
953 1275 997 1349 ln
1013 1275 1109 1350 linea
1125 1274 1317 1354 undecima
1332 1278 1426 1354 idem

246 1410 297 1488 vir
313 1407 382 1482 cel.
401 1407 492 1510 legit
510 1418 648 1482 tantum
666 1409 704 1481 in
722 1407 841 1506 lapide

418 1561 1076 1635 ΓΑΙΔΕΣΑΘΕΝΑΙΟΝΦΣΥΧΑΣΑ
1087 1613 1095 1629 .
1106 1612 1132 1632 ..
1144 1612 1153 1630 .
1167 1564 1258 1636 ΡΡΟ

243 1729 281 1795 et
304 1725 431 1816 postea
455 1715 609 1814 conjecit
634 1716 931 1800 ΑΝΤΙΡΡΟΠΑ,
956 1735 1040 1814 quse
1065 1737 1133 1790 vox
1155 1714 1241 1790 mihi
1266 1717 1303 1790 in
1334 1741 1428 1792 mar-

243 1873 343 1926 more
360 1854 483 1920 extare
500 1845 650 1922 videtur.
701 1847 760 1924 An
777 1855 875 1920 recte
890 1855 1014 1942 postca
1039 1845 1235 1916 ΘΕΝΤΕΣ
1265 1847 1427 1918 strux-

243 1969 387 2054 ΣΑΝΤ
427 1975 644 2074 suppleverit
690 1974 813 2050 dicere
863 1995 1031 2073 nequeor
1082 1973 1219 2048 nullum
1263 1975 1426 2072 profecto

242 2105 418 2205 ejusmodi
447 2106 638 2184 locutionis
672 2105 875 2204 exemplum
909 2105 1054 2202 profert,
1092 2106 1155 2180 sed
1190 2108 1289 2204 quod
1310 2106 1357 2187 illi
1386 2117 1426 2182 et

241 2235 438 2328 Schaefcm,
463 2239 548 2318 viris
576 2247 674 2314 certe
697 2237 880 2337 praeclaras
906 2235 1090 2324 doctrine,
1116 2237 1302 2334 placuerit,
1328 2238 1426 2312 haud

241 2382 361 2445 meunt
385 2381 441 2444 est
461 2370 677 2468 improbare,
710 2368 779 2446 nisi
811 2366 936 2442 melius
958 2365 1105 2466 aliquod
1129 2366 1300 2442 haberem
1328 2367 1424 2466 qnod

239 2498 449 2597 proferrem.
501 2501 635 2574 Postea
652 2498 856 2574 Vincentius
881 2508 979 2572 recte
1001 2497 1235 2596 proculdubio
1259 2502 1425 2574 ΠΑΤΡΙ-

242 2630 556 2706 ΔΕΥΚνΕΙΣΑΝ.

315 2787 418 2864 Idem
442 2789 497 2866 vir
527 2788 594 2864 cel.
620 2789 736 2866 lineas
760 2790 923 2889 quintum
955 2803 993 2866 et
1022 2802 1158 2869 sextam
1184 2791 1235 2866 ita
1256 2790 1425 2882 restituit,

387 2951 502 3051 Ἀιθῆρ
526 2951 588 3036 μὲν
612 2952 729 3052 ψνχδς
753 2948 950 3047 ὑπεδέξατο,
976 2951 1117 3036 σώματα
1139 2946 1163 3024 d
1188 2952 1283 3027 druos

387 3079 487 3157 To'rds
513 3079 707 3163 Ποτειδαίας
730 3085 816 3184 ἀμφὶ
840 3083 950 3162 πύλας
970 3080 1107 3183 ἔλαχον.

240 3271 374 3348 Saltem
394 3272 569 3349 debuerat
581 3271 715 3376 ἔλαχεν,
734 3277 833 3374 quod
849 3273 958 3348 miror
975 3266 1230 3350 Thierschium
1248 3271 1425 3352 Viscontii

238 3401 359 3477 vineta
392 3403 589 3476 cedentem
625 3404 854 3502 praeteriisse.
915 3403 987 3496 Qui
1029 3403 1131 3503 plura
1163 3404 1238 3479 vult
1274 3404 1320 3480 de
1351 3407 1423 3480 hoc

239 3556 423 3620 marmore,
455 3523 691 3634 appendicem
721 3537 896 3626 conferat,
930 3535 991 3609 ubi
1025 3521 1232 3610 T'hierscnii
1260 3533 1423 3610 dulcissi-

239 3689 333 3739 mam
365 3663 646 3742 dissertationem
677 3691 724 3743 ex
747 3665 836 3743 actis
872 3665 1105 3770 Philologicis
1140 3665 1424 3744 Monacensibus

241 3819 423 3895 exsenpsr.
