3176 5094
587 403 930 466 rnouaoonann.
1010 381 1012 386 ’
1301 371 1360 443 xix

160 562 290 638 vocalis
319 571 353 634 H
377 561 448 636 vim
479 561 646 634 babebat.
698 560 821 634 Vocati
845 568 877 631 Ο
903 560 1030 632 eodem
1062 557 1174 638 modo,
1194 575 1265 624 non
1293 573 1359 622 sua

159 706 297 770 tantum
333 704 491 790 potestas
517 692 755 778 tribuebatur,
781 694 846 765 scd
878 715 944 786 pro
968 690 1197 785 diphthongo
1224 691 1287 756 ΟΥ
1323 692 1361 754 et

159 829 271 902 vooaii
293 836 324 899 Ω
348 825 587 921 ponebatur¹.
631 822 795 920 Negavit
818 822 963 917 quidem
995 818 1211 892 Dawesius⁹
1242 823 1359 910 Epro

161 965 203 1028 ut
223 979 396 1052 ‘unquam
422 956 603 1034 aGraecis
630 979 709 1028 esse
732 953 904 1048 positum,
926 963 961 1024 et
984 950 1235 1024 auctoritatem
1255 946 1363 1041 scrip-

161 1095 276 1158 torum
296 1111 320 1156 a
335 1085 523 1183 Tayloro³
539 1086 795 1160 advocatorum
814 1083 946 1154 nuliam
971 1105 1050 1156 esse
1067 1081 1236 1154 ostendit.
1288 1077 1360 1150 Sed

162 1219 294 1290 frustra
326 1213 496 1310 tregavit3
531 1213 618 1286 nihii
645 1213 741 1286 enim
762 1214 830 1284 boc
849 1237 915 1284 usu
934 1213 1053 1284 notius
1072 1221 1138 1296 est,
1167 1209 1264 1306 quod
1282 1209 1361 1282 sine

163 1347 491 1421 Grammaticorum
528 1345 744 1419 auctoritate
782 1345 828 1416 ab
865 1343 1039 1438 exarnpiis
1073 1339 1190 1437 quivis
1225 1340 1364 1412 discere

162 1478 316 1573 potest⁴.
369 1477 534 1565 Quodsi
562 1476 754 1552 Dawasius
784 1476 974 1550 inhaere
1007 1485 1045 1544 ut
1077 1473 1113 1542 in
1143 1471 1262 1546 multis
1283 1467 1362 1544 aliis

166 1607 312 1680 minima
354 1603 423 1676 sibi
469 1615 636 1681 constare
670 1605 821 1688 Graecos
856 1597 1017 1688 dixisset,
1055 1612 1154 1677 recte
1189 1601 1360 1686 omniuo;

167 1744 202 1816 io
234 1767 278 1814 eo
303 1741 400 1814 enirn
426 1743 503 1837 ipso
527 1743 728 1816 marmore⁵
757 1741 818 1816 ubi
845 1743 968 1814 ἑνθεναι
991 1740 1169 1825 scribitur,
1196 1742 1366 1813 scribitur

168 1894 314 1966 quoque
346 1877 450 1954 εῐπεν,
479 1873 589 1944 πόλει.
644 1871 737 1944 Vere
768 1896 858 1968 ergo
882 1870 1111 1951 Eimsleius⁶,
1147 1870 1364 1966 “Euripidis

168 2011 272 2074 aemte
294 1999 512 2098 plerumque
535 2025 602 2095 pro
620 2001 849 2098 diphthongo
877 2001 1131 2074 ascribebant
1150 2009 1187 2085 E,
1214 2013 1255 2072 ut
1280 2009 1366 2075 ΧΕΡ
1402 2013 1405 2024 ’

170 2153 233 2222 pro
261 2132 376 2227 χείρ.”
429 2130 501 2219 Qui
536 2154 612 2203 mos
642 2141 751 2214 certe,
783 2154 866 2202 cum
894 2130 1046 2202 maxima
1073 2141 1168 2200 esset
1194 2151 1365 2200 sonorum

169 2270 239 2331 set
262 2292 290 2329 ει
312 2260 482 2356 cognatio
500 2271 537 2331 et
561 2260 755 2332 similitudo
767 2260 790 2346 ¹,
827 2271 907 2354 post
924 2260 1105 2332 literarum
1132 2281 1364 2356 progressum

171 2412 319 2462 manere
361 2399 502 2485 poterat
537 2400 575 2461 et
617 2389 828 2486 aliquandiu
873 2388 1011 2474 mansit,
1049 2398 1088 2460 ut
1129 2411 1175 2460 ex
1215 2386 1367 2482 inscrip-

168 2519 268 2591 tione
292 2521 447 2614 quadam
467 2521 762 2592 Chandleriana⁸
783 2532 893 2617 patet,
921 2522 956 2590 in
977 2543 1049 2617 qua
1068 2536 1093 2601 ε
1110 2545 1174 2616 pro
1200 2526 1239 2592 ΕΙ
1263 2545 1366 2592 usur-

171 2663 283 2744 patur.
337 2647 476 2721 Eodem
509 2653 614 2722 modo
646 2650 683 2721 in
712 2675 887 2722 marmore
915 2649 1150 2724 Sandvicsnsi
1173 2661 1211 2724 et
1235 2653 1272 2723 in
1297 2637 1365 2736 boc

173 2784 439 2858 Chandlcriano
463 2792 495 2855 Ο
517 2809 583 2879 pro
613 2793 677 2858 ΟΥ
699 2784 859 2880 ponitur,
890 2784 1052 2880 quamvis
1082 2786 1118 2857 in
1149 2794 1305 2880 utroque
1331 2791 1366 2854 H

172 2926 208 3002 at
238 2925 269 2987 Ω
300 2925 545 3010 compareant.
613 2914 855 3010 Quaecunque
896 2914 941 2984 de
975 2915 1043 2984 hac
1085 2936 1123 2983 re
1156 2911 1367 3006 scripserint

173 3043 421 3129 Grammatici,
461 3068 521 3130 ea¹
553 3043 675 3115 omnia
715 3043 831 3116 sciens
876 3054 1050 3138 praetereo
1067 3071 1077 3126 ;
1120 3040 1366 3136 exemplorum

172 3172 267 3241 enim
294 3173 491 3243 auctoritas
517 3174 637 3267 potior
663 3185 740 3260 est3
769 3182 806 3244 et
830 3184 1005 3269 praeterea
1034 3183 1144 3246 tuntae
1171 3172 1368 3246 miscentur

172 3301 287 3374 turbae
310 3305 356 3374 de
382 3303 500 3374 multis
523 3303 850 3378 Grammaticorum
876 3304 967 3376 locis
985 3307 1029 3376 ad
1049 3305 1151 3409 bane
1165 3329 1241 3380 rem
1264 3331 1366 3402 spec-

171 3434 342 3520 tantibus,
379 3444 489 3529 atque
525 3459 649 3510 eorum
691 3436 855 3518 lectione,
902 3445 942 3505 ut
991 3459 1116 3510 verum
1150 3437 1365 3535 dignoscere

211 3640 219 3666 ¹
243 3628 288 3688 Cf.
324 3627 448 3686 salman.
481 3629 517 3687 ad
549 3628 657 3688 Herod.
680 3629 742 3686 Att.
794 3652 859 3707 aper
887 3647 937 3703 pro
963 3638 1048 3710 τρεῖς,
1077 3630 1207 3708 ἔργαστο
1234 3651 1282 3706 pro
1310 3635 1364 3711 sip·

174 3727 259 3786 lustr.
289 3745 316 3800 p.
341 3723 391 3782 36.
447 3725 521 3782 Mar.
549 3725 687 3784 Victoria.
716 3744 743 3800 p.
794 3747 901 3795 γαστο,
923 3726 1023 3784 diderat
1046 3743 1095 3798 pro
1112 3725 1235 3795 ἐνθεῖναι,
1258 3749 1364 3805 orrspar

172 3827 261 3880 2458.
282 3819 328 3874 ed.
351 3819 468 3878 Putsch.
795 3837 845 3894 pro
865 3821 993 3897 euripos.

210 3913 221 3944 ²
244 3913 357 3969 Dauos.
377 3913 465 3970 Misc.
483 3911 556 3972 erit.
575 3932 603 3990 p.
620 3917 687 3979 127.
700 3928 743 3983 sq.
834 3912 845 3944 ⁸
867 3911 1364 3991 Class.111.Ssct.1.Inscriptvur.

175 4011 251 4083 App,
265 4028 294 4084 p.
310 4013 381 4065 321.
395 4027 436 4083 sq.
836 4004 847 4035 ⁶
868 4003 972 4066 Elmsl.
984 4007 1019 4062 ad
1031 4007 1099 4065 Eur.
1111 4006 1191 4064 Med.
1205 4013 1254 4066 55.

212 4102 223 4132 ³
249 4102 367 4178 Taylor.
402 4103 438 4158 ad
465 4103 603 4162 Marmor,
642 4101 746 4160 Sandv.
835 4099 845 4132 ¹
868 4096 913 4153 Cf.
931 4116 992 4176 quae
1001 4098 1109 4156 Tituius
1123 4100 1233 4160 disserit
1245 4101 1274 4158 in
1287 4103 1364 4172 editi-

175 4216 204 4272 p.
212 4205 240 4262 7.
796 4212 847 4252 oue
855 4212 906 4251 sua
918 4193 1097 4269 Mosebopul.
1109 4195 1217 4271 Opuse.
1232 4198 1363 4257 Gramen.

211 4290 285 4348 *ct
307 4289 383 4350 inira
401 4289 530 4348 Classr.
560 4289 688 4364 inscript.
705 4306 745 4350 11.
797 4309 825 4368 p.
842 4307 924 4350 xrrr.
967 4290 1125 4352 Hermann.
1140 4293 1174 4350 de
1187 4294 1297 4352 entend.
1311 4295 1364 4372 Gr,

175 4383 263 4446 crass.
279 4403 337 4446 111.
373 4385 447 4444 Sect.
465 4403 488 4445 1.
520 4385 746 4459 Inscriptvrrr.
798 4384 927 4448 Gr.Rat.
942 4404 969 4458 p.
983 4389 1031 4442 53.

177 4479 265 4541 crass.
285 4501 345 4542 111.
373 4482 447 4542 Seu.
464 4500 503 4544 ιι.
552 4482 681 4557 inscript.
699 4500 746 4542 rx.
837 4476 1114 4540 ‘cumulamen
