<?xml version="1.0" encoding="UTF-8"?>
<!DOCTYPE html PUBLIC "-//W3C//DTD XHTML 1.0 Transitional//EN"
    "http://www.w3.org/TR/xhtml1/DTD/xhtml1-transitional.dtd">
<html xmlns="http://www.w3.org/1999/xhtml" xml:lang="en" lang="en">
 <head>
  <title>
</title>
<meta http-equiv="Content-Type" content="text/html;charset=utf-8" />
  <meta name='ocr-system' content='tesseract 3.04.00' />
  <meta name='ocr-capabilities' content='ocr_page ocr_carea ocr_par ocr_line ocrx_word'/>
</head>
<body>
  <div class='ocr_page' id='page_1' title='image "./inscriptionesgr00rosegoog_0192.png"; bbox 0 0 3158 5104; ppageno 0'>
   <div class='ocr_carea' id='block_1_1' title="bbox 155 401 805 492">
    <p class='ocr_par' dir='ltr' id='par_1_1' title="bbox 155 401 805 492">
     <span class='ocr_line' id='line_1_1' title="bbox 155 401 805 492; baseline -0.009 -10"><span class='ocrx_word' id='word_1_1' title='bbox 155 415 284 482; x_wconf 79' lang='lat' dir='ltr'><strong>lrtactt.</strong></span> <span class='ocrx_word' id='word_1_2' title='bbox 307 407 383 486; x_wconf 83' lang='lat' dir='ltr'><strong>VL]</strong></span> <span class='ocrx_word' id='word_1_3' title='bbox 756 401 805 492; x_wconf 82' lang='lat'><strong>69</strong></span> 
     </span>
    </p>
   </div>
   <div class='ocr_carea' id='block_1_2' title="bbox 152 585 1356 1344">
    <p class='ocr_par' dir='ltr' id='par_1_2' title="bbox 152 585 1356 1058">
     <span class='ocr_line' id='line_1_2' title="bbox 155 585 1356 690; baseline -0.004 -22"><span class='ocrx_word' id='word_1_4' title='bbox 155 590 270 690; x_wconf 80' lang='lat' dir='ltr'><strong>spolia</strong></span> <span class='ocrx_word' id='word_1_5' title='bbox 296 589 442 688; x_wconf 85' lang='lat' dir='ltr'><strong>integra</strong></span> <span class='ocrx_word' id='word_1_6' title='bbox 468 587 648 662; x_wconf 86' lang='lat' dir='ltr'><strong>donantur</strong></span> <span class='ocrx_word' id='word_1_7' title='bbox 673 585 720 658; x_wconf 90' lang='lat' dir='ltr'><strong>ab</strong></span> <span class='ocrx_word' id='word_1_8' title='bbox 748 609 823 659; x_wconf 92' lang='lat' dir='ltr'><strong>uno</strong></span> <span class='ocrx_word' id='word_1_9' title='bbox 852 585 1009 684; x_wconf 78' lang='lat' dir='ltr'><strong>Agnone</strong></span> <span class='ocrx_word' id='word_1_10' title='bbox 1042 587 1113 686; x_wconf 89' lang='lat' dir='ltr'><strong>Ep.</strong></span> <span class='ocrx_word' id='word_1_11' title='bbox 1139 603 1220 680; x_wconf 80' lang='lat'><strong>129.</strong></span> <span class='ocrx_word' id='word_1_12' title='bbox 1271 591 1356 665; x_wconf 90' lang='lat' dir='ltr'><strong>Huc</strong></span> 
     </span>
     <span class='ocr_line' id='line_1_3' title="bbox 152 719 1355 822; baseline -0.002 -23"><span class='ocrx_word' id='word_1_13' title='bbox 152 723 300 799; x_wconf 88' lang='lat' dir='ltr'><strong>accedit</strong></span> <span class='ocrx_word' id='word_1_14' title='bbox 324 729 538 794; x_wconf 86' lang='lat' dir='ltr'><strong>ornamenta</strong></span> <span class='ocrx_word' id='word_1_15' title='bbox 553 719 835 794; x_wconf 78' lang='lat' dir='ltr'><strong>architectonica</strong></span> <span class='ocrx_word' id='word_1_16' title='bbox 857 743 879 792; x_wconf 91' lang='lat' dir='ltr'><strong>e</strong></span> <span class='ocrx_word' id='word_1_17' title='bbox 905 719 1026 817; x_wconf 81' lang='lat' dir='ltr'><strong>spoliis</strong></span> <span class='ocrx_word' id='word_1_18' title='bbox 1045 721 1233 822; x_wconf 74' lang='lat' dir='ltr'><strong>eleganter</strong></span> <span class='ocrx_word' id='word_1_19' title='bbox 1258 747 1355 796; x_wconf 90' lang='lat' dir='ltr'><strong>corn-</strong></span> 
     </span>
     <span class='ocr_line' id='line_1_4' title="bbox 153 845 1355 952; baseline -0.003 -25"><span class='ocrx_word' id='word_1_20' title='bbox 153 853 276 952; x_wconf 86' lang='lat' dir='ltr'><strong>posita</strong></span> <span class='ocrx_word' id='word_1_21' title='bbox 308 872 492 924; x_wconf 85' lang='lat' dir='ltr'><strong>armorum</strong></span> <span class='ocrx_word' id='word_1_22' title='bbox 525 849 665 946; x_wconf 88' lang='lat' dir='ltr'><strong>copiam</strong></span> <span class='ocrx_word' id='word_1_23' title='bbox 696 847 736 920; x_wconf 93' lang='lat' dir='ltr'><strong>in</strong></span> <span class='ocrx_word' id='word_1_24' title='bbox 764 845 908 942; x_wconf 81' lang='lat' dir='ltr'><strong>templis</strong></span> <span class='ocrx_word' id='word_1_25' title='bbox 937 871 1193 945; x_wconf 80' lang='lat' dir='ltr'>suspensorum</span> <span class='ocrx_word' id='word_1_26' title='bbox 1223 849 1355 924; x_wconf 89' lang='lat' dir='ltr'><strong>imitari</strong></span> 
     </span>
     <span class='ocr_line' id='line_1_5' title="bbox 154 979 338 1058; baseline -0.005 0"><span class='ocrx_word' id='word_1_27' title='bbox 154 984 274 1058; x_wconf 84' lang='lat' dir='ltr'><strong>videri</strong></span> <span class='ocrx_word' id='word_1_28' title='bbox 288 979 338 1054; x_wconf 84' lang='lat'><strong>¹.&#39;&#39;</strong></span> 
     </span>
    </p>

    <p class='ocr_par' dir='ltr' id='par_1_3' title="bbox 154 1097 1356 1344">
     <span class='ocr_line' id='line_1_6' title="bbox 235 1097 1356 1213; baseline -0.002 -25"><span class='ocrx_word' id='word_1_29' title='bbox 235 1097 412 1210; x_wconf 83' lang='lat' dir='ltr'><strong>Denique</strong></span> <span class='ocrx_word' id='word_1_30' title='bbox 436 1133 502 1184; x_wconf 85' lang='lat' dir='ltr'><strong>sua</strong></span> <span class='ocrx_word' id='word_1_31' title='bbox 521 1109 626 1196; x_wconf 87' lang='lat' dir='ltr'><strong>laude</strong></span> <span class='ocrx_word' id='word_1_32' title='bbox 651 1110 798 1185; x_wconf 87' lang='lat' dir='ltr'><strong>minime</strong></span> <span class='ocrx_word' id='word_1_33' title='bbox 819 1111 1040 1186; x_wconf 83' lang='lat' dir='ltr'>fraudandus</span> <span class='ocrx_word' id='word_1_34' title='bbox 1059 1112 1255 1213; x_wconf 54' lang='lat' dir='ltr'><strong>Silligiuaf,</strong></span> <span class='ocrx_word' id='word_1_35' title='bbox 1284 1113 1356 1212; x_wconf 86' lang='lat' dir='ltr'><strong>qui,</strong></span> 
     </span>
     <span class='ocr_line' id='line_1_7' title="bbox 154 1241 1353 1344; baseline -0.002 -24"><span class='ocrx_word' id='word_1_36' title='bbox 154 1271 230 1344; x_wconf 89' lang='lat' dir='ltr'><strong>qua</strong></span> <span class='ocrx_word' id='word_1_37' title='bbox 282 1254 341 1319; x_wconf 82' lang='lat' dir='ltr'><strong>eat</strong></span> <span class='ocrx_word' id='word_1_38' title='bbox 392 1241 483 1316; x_wconf 90' lang='lat' dir='ltr'><strong>mira</strong></span> <span class='ocrx_word' id='word_1_39' title='bbox 533 1242 798 1332; x_wconf 82' lang='lat' dir='ltr'><strong>benevolentia,</strong></span> <span class='ocrx_word' id='word_1_40' title='bbox 848 1243 1152 1319; x_wconf 80' lang='lat' dir='ltr'><strong>Boissonadium³</strong></span> <span class='ocrx_word' id='word_1_41' title='bbox 1194 1255 1353 1319; x_wconf 78' lang='lat' dir='ltr'><strong>nostram</strong></span> 
     </span>
    </p>
   </div>
   <div class='ocr_carea' id='block_1_3' title="bbox 154 1375 1402 1997">
    <p class='ocr_par' dir='ltr' id='par_1_4' title="bbox 154 1375 1402 1846">
     <span class='ocr_line' id='line_1_8' title="bbox 154 1375 1402 1491; baseline 0.002 -39"><span class='ocrx_word' id='word_1_42' title='bbox 154 1377 396 1476; x_wconf 85' lang='lat' dir='ltr'><strong>Epigraphen</strong></span> <span class='ocrx_word' id='word_1_43' title='bbox 446 1375 539 1451; x_wconf 80' lang='lat' dir='ltr'><strong>mate</strong></span> <span class='ocrx_word' id='word_1_44' title='bbox 591 1375 835 1471; x_wconf 81' lang='lat' dir='ltr'><strong>explicantem</strong></span> <span class='ocrx_word' id='word_1_45' title='bbox 885 1380 1151 1476; x_wconf 83' lang='lat' dir='ltr'><strong>reprehendere</strong></span> <span class='ocrx_word' id='word_1_46' title='bbox 1193 1384 1354 1472; x_wconf 87' lang='lat' dir='ltr'><strong>nonvult‚</strong></span> <span class='ocrx_word' id='word_1_47' title='bbox 1394 1476 1402 1491; x_wconf 20' lang='grc' dir='ltr'>κ</span> 
     </span>
     <span class='ocr_line' id='line_1_9' title="bbox 154 1508 1355 1612; baseline 0.001 -26"><span class='ocrx_word' id='word_1_48' title='bbox 154 1512 257 1608; x_wconf 91' lang='lat' dir='ltr'><strong>quod</strong></span> <span class='ocrx_word' id='word_1_49' title='bbox 293 1509 342 1584; x_wconf 92' lang='lat' dir='ltr'><strong>illi</strong></span> <span class='ocrx_word' id='word_1_50' title='bbox 376 1532 448 1582; x_wconf 92' lang='lat' dir='ltr'><strong>non</strong></span> <span class='ocrx_word' id='word_1_51' title='bbox 481 1508 550 1582; x_wconf 76' lang='lat' dir='ltr'><strong>nini</strong></span> <span class='ocrx_word' id='word_1_52' title='bbox 583 1511 793 1584; x_wconf 80' lang='lat' dir='ltr'><strong>mendosum</strong></span> <span class='ocrx_word' id='word_1_53' title='bbox 829 1509 923 1583; x_wconf 82' lang='lat' dir='ltr'><strong>tituli</strong></span> <span class='ocrx_word' id='word_1_54' title='bbox 957 1513 1206 1612; x_wconf 84' lang='lat' dir='ltr'><strong>apographum</strong></span> <span class='ocrx_word' id='word_1_55' title='bbox 1232 1514 1355 1587; x_wconf 85' lang='lat' dir='ltr'><strong>videre</strong></span> 
     </span>
     <span class='ocr_line' id='line_1_10' title="bbox 154 1629 1355 1739; baseline 0.005 -26"><span class='ocrx_word' id='word_1_56' title='bbox 154 1637 365 1739; x_wconf 84' lang='lat' dir='ltr'><strong>contigerit,</strong></span> <span class='ocrx_word' id='word_1_57' title='bbox 407 1648 445 1712; x_wconf 86' lang='lat' dir='ltr'><strong>et</strong></span> <span class='ocrx_word' id='word_1_58' title='bbox 480 1648 609 1736; x_wconf 85' lang='lat' dir='ltr'><strong>postea</strong></span> <span class='ocrx_word' id='word_1_59' title='bbox 649 1637 728 1734; x_wconf 85' lang='lat' dir='ltr'><strong>ipse</strong></span> <span class='ocrx_word' id='word_1_60' title='bbox 767 1637 918 1735; x_wconf 87' lang='lat' dir='ltr'><strong>primam</strong></span> <span class='ocrx_word' id='word_1_61' title='bbox 961 1640 1093 1714; x_wconf 89' lang='lat' dir='ltr'><strong>lineam</strong></span> <span class='ocrx_word' id='word_1_62' title='bbox 1136 1643 1205 1716; x_wconf 93' lang='lat' dir='ltr'><strong>hoc</strong></span> <span class='ocrx_word' id='word_1_63' title='bbox 1230 1629 1355 1719; x_wconf 81' lang='lat' dir='ltr'><strong>¹ruodo</strong></span> 
     </span>
     <span class='ocr_line' id='line_1_11' title="bbox 154 1743 497 1846; baseline -0.009 0"><span class='ocrx_word' id='word_1_64' title='bbox 154 1770 280 1846; x_wconf 60' lang='lat' dir='ltr'><strong>aaran</strong></span> <span class='ocrx_word' id='word_1_65' title='bbox 493 1743 497 1750; x_wconf 82' lang='grc'><strong>’</strong></span> 
     </span>
    </p>

    <p class='ocr_par' dir='ltr' id='par_1_5' title="bbox 426 1925 1054 1997">
     <span class='ocr_line' id='line_1_12' title="bbox 426 1925 1054 1997; baseline 0.002 -1"><span class='ocrx_word' id='word_1_66' title='bbox 426 1935 437 1944; x_wconf 90' lang='grc'><em>“</em></span> <span class='ocrx_word' id='word_1_67' title='bbox 467 1925 1054 1997; x_wconf 78' lang='grc' dir='ltr'><strong>ΕΙΗΒΟΝΟΔΕΙΝΟΜΕΝΕΟΣ</strong></span> 
     </span>
    </p>
   </div>
   <div class='ocr_carea' id='block_1_4' title="bbox 155 2174 1353 2545">
    <p class='ocr_par' dir='ltr' id='par_1_6' title="bbox 155 2174 1353 2545">
     <span class='ocr_line' id='line_1_13' title="bbox 195 2174 1353 2266; baseline 0 -26"><span class='ocrx_word' id='word_1_68' title='bbox 195 2187 206 2218; x_wconf 85' lang='lat'>¹</span> <span class='ocrx_word' id='word_1_69' title='bbox 230 2181 276 2240; x_wconf 82' lang='lat' dir='ltr'><strong>Cf.</strong></span> <span class='ocrx_word' id='word_1_70' title='bbox 296 2180 403 2240; x_wconf 85' lang='lat' dir='ltr'><strong>Stuart.</strong></span> <span class='ocrx_word' id='word_1_71' title='bbox 416 2179 514 2255; x_wconf 84' lang='lat' dir='ltr'><strong>Anu&#39;q.</strong></span> <span class='ocrx_word' id='word_1_72' title='bbox 528 2179 563 2238; x_wconf 90' lang='lat' dir='ltr'><strong>T.</strong></span> <span class='ocrx_word' id='word_1_73' title='bbox 577 2179 632 2238; x_wconf 90' lang='lat' dir='ltr'><strong>1v.</strong></span> <span class='ocrx_word' id='word_1_74' title='bbox 658 2199 684 2239; x_wconf 90' lang='lat' dir='ltr'><strong>c.</strong></span> <span class='ocrx_word' id='word_1_75' title='bbox 700 2184 728 2238; x_wconf 87' lang='lat'><strong>5.</strong></span> <span class='ocrx_word' id='word_1_76' title='bbox 820 2175 831 2208; x_wconf 81' lang='lat'><strong>¹</strong></span> <span class='ocrx_word' id='word_1_77' title='bbox 852 2174 942 2252; x_wconf 80' lang='lat' dir='ltr'><strong>Sillig.</strong></span> <span class='ocrx_word' id='word_1_78' title='bbox 962 2178 1036 2266; x_wconf 75' lang='lat' dir='ltr'><strong>apuri</strong></span> <span class='ocrx_word' id='word_1_79' title='bbox 1061 2178 1202 2253; x_wconf 70' lang='lat' dir='ltr'><strong>Bottiger.</strong></span> <span class='ocrx_word' id='word_1_80' title='bbox 1230 2180 1275 2238; x_wconf 92' lang='lat' dir='ltr'><strong>ubi</strong></span> <span class='ocrx_word' id='word_1_81' title='bbox 1306 2202 1353 2240; x_wconf 80' lang='lat' dir='ltr'><strong>au·</strong></span> 
     </span>
     <span class='ocr_line' id='line_1_14' title="bbox 155 2272 840 2353; baseline 0.001 -17"><span class='ocrx_word' id='word_1_82' title='bbox 155 2277 232 2337; x_wconf 79' lang='lat' dir='ltr'><strong>Tab.</strong></span> <span class='ocrx_word' id='word_1_83' title='bbox 242 2277 282 2335; x_wconf 87' lang='lat' dir='ltr'><strong>X.</strong></span> <span class='ocrx_word' id='word_1_84' title='bbox 304 2274 430 2333; x_wconf 86' lang='lat' dir='ltr'><strong>Pirauesi</strong></span> <span class='ocrx_word' id='word_1_85' title='bbox 442 2273 569 2334; x_wconf 87' lang='lat' dir='ltr'><strong>Raccoit.</strong></span> <span class='ocrx_word' id='word_1_86' title='bbox 583 2275 612 2332; x_wconf 81' lang='lat' dir='ltr'><strong>ui</strong></span> <span class='ocrx_word' id='word_1_87' title='bbox 627 2272 728 2350; x_wconf 87' lang='lat' dir='ltr'><strong>Tempi</strong></span> <span class='ocrx_word' id='word_1_88' title='bbox 778 2295 840 2353; x_wconf 87' lang='lat' dir='ltr'><strong>pra.</strong></span> 
     </span>
     <span class='ocr_line' id='line_1_15' title="bbox 158 2368 1350 2448; baseline 0.003 -17"><span class='ocrx_word' id='word_1_89' title='bbox 158 2371 277 2434; x_wconf 84' lang='lat' dir='ltr'><strong>Antich.</strong></span> <span class='ocrx_word' id='word_1_90' title='bbox 310 2371 382 2432; x_wconf 70' lang='lat' dir='ltr'><strong>rab.</strong></span> <span class='ocrx_word' id='word_1_91' title='bbox 404 2371 475 2431; x_wconf 80' lang='lat' dir='ltr'>Vll.</span> <span class='ocrx_word' id='word_1_92' title='bbox 518 2371 595 2430; x_wconf 76' lang='lat' dir='ltr'>Mus.</span> <span class='ocrx_word' id='word_1_93' title='bbox 623 2371 728 2436; x_wconf 84' lang='lat' dir='ltr'><strong>Veron.</strong></span> <span class='ocrx_word' id='word_1_94' title='bbox 819 2371 1013 2432; x_wconf 68' lang='lat' dir='ltr'><strong>’unisona</strong></span> <span class='ocrx_word' id='word_1_95' title='bbox 1025 2373 1053 2430; x_wconf 92' lang='lat' dir='ltr'><strong>in</strong></span> <span class='ocrx_word' id='word_1_96' title='bbox 1072 2373 1149 2448; x_wconf 85' lang='lat' dir='ltr'><strong>Eph.</strong></span> <span class='ocrx_word' id='word_1_97' title='bbox 1170 2370 1264 2434; x_wconf 75' lang='lat' dir='ltr'><strong>clar.</strong></span> <span class='ocrx_word' id='word_1_98' title='bbox 1283 2368 1350 2435; x_wconf 74' lang='lat' dir='ltr'><strong>XL.</strong></span> 
     </span>
     <span class='ocr_line' id='line_1_16' title="bbox 157 2475 892 2545; baseline -0.003 -15"><span class='ocrx_word' id='word_1_99' title='bbox 157 2487 185 2544; x_wconf 75' lang='lat' dir='ltr'><strong>p.</strong></span> <span class='ocrx_word' id='word_1_100' title='bbox 200 2475 270 2536; x_wconf 79' lang='lat'><strong>2³7.</strong></span> <span class='ocrx_word' id='word_1_101' title='bbox 779 2488 808 2545; x_wconf 77' lang='lat' dir='ltr'><strong>p.</strong></span> <span class='ocrx_word' id='word_1_102' title='bbox 822 2475 892 2530; x_wconf 79' lang='lat' dir='ltr'><strong>eor.</strong></span> 
     </span>
    </p>
   </div>
   <div class='ocr_carea' id='block_1_5' title="bbox 0 0 1592 5104">
    <p class='ocr_par' dir='ltr' id='par_1_7' title="bbox 0 0 1592 5104">
     <span class='ocr_line' id='line_1_17' title="bbox 0 0 1592 5104; baseline 0 0"><span class='ocrx_word' id='word_1_103' title='bbox 0 0 1592 5104; x_wconf 95' lang='lat' dir='ltr'><strong> </strong></span> 
     </span>
    </p>
   </div>
  </div>
 </body>
</html>
