3188 5102
566 937 718 1018 Cnnss.
743 933 820 1012 VI.
864 929 1019 1016 lusca.
1047 933 1110 1024 Π.

539 1153 908 1230 lNSCRlPTIO
949 1153 1153 1229 snnssn.

672 1377 763 1435 TAB.
786 1377 834 1432 Li.
879 1377 950 1472 Pin.
975 1377 1011 1433 li.

780 1595 909 1636 «4.-

597 1785 778 1850 Cockemil.
793 1801 825 1852 st
842 1785 985 1871 Hughss.
1005 1786 1082 1850 MS.

315 1947 612 2036 Cocnnnnnmns
636 1961 672 2032 in
695 1959 803 2032 Samo
826 1959 944 2032 insula
962 1961 1122 2056 leporem
1141 1981 1442 2058 mnes-cupreum

238 2104 376 2169 emtum
391 2093 536 2165 domum
555 2089 686 2178 attulit,
714 2091 817 2188 cnjus
843 2089 880 2161 in
907 2113 978 2162 uno
1009 2089 1222 2164 elateribus
1248 2100 1442 2190 etsentre

239 2257 285 2304 ea
312 2229 445 2326 scripta
469 2237 554 2301 sunt
577 2251 660 2324 quae
687 2228 723 2299 in
758 2226 880 2299 ta'buia
907 2226 1066 2300 exhibui.
1114 2229 1215 2326 Opus
1251 2229 1338 2301 satis
1372 2225 1440 2298 eln-

235 2365 404 2436 borntum
421 2360 564 2432 videtur
580 2358 629 2430 its
658 2367 698 2430 nt
720 2359 818 2430 haud
841 2381 887 2430 ex
907 2358 1165 2454 antiquissimis
1189 2383 1267 2432 esse
1278 2359 1437 2458 judices.

236 2493 437 2592 Knightins
462 2501 524 2563 ant
556 2489 712 2587 spuriam
741 2501 804 2563 sut
834 2491 1024 2563 bnrbnrnm
1055 2490 1326 2587 inscriptionem
1358 2513 1437 2562 esse

237 2633 354 2720 putat,
389 2645 501 2716 qnare
537 2621 573 2693 in
610 2623 703 2692 hanc
739 2621 857 2717 operis
892 2631 1031 2717 pnntem
1068 2621 1238 2720 relegavi,
1275 2619 1436 2716 quamvis

237 2751 363 2822 nescio
395 2773 441 2821 nn
472 2749 548 2822 viro
572 2749 779 2821 doctissimo
796 2749 948 2820 omnino
971 2750 1156 2822 assentiar.
1211 2747 1296 2820 Mos
1332 2748 1436 2836 βουσ-

239 2874 410 2976 τροφηδόν
455 2878 634 2951 scribendi
682 2877 742 2950 diu
790 2887 870 2974 post
917 2877 1065 2975 longas·
1092 2877 1231 2951 vocales
1270 2877 1435 2950 inventas

236 3012 461 3098 servabatur,
508 3023 547 3084 ut
586 3036 632 3085 ex
676 3011 912 3104 inseriptinne
949 3011 1110 3106 septima
1154 3011 1265 3094 Closs.
1308 3012 1436 3107 primm

236 3146 418 3218 discimus.
470 3144 527 3216 Itn
552 3145 632 3216 naec
659 3141 746 3214 mibi
771 3141 895 3240 iegsne
921 3141 1066 3228 videon

636 3276 690 3360 ,τῷ
715 3270 895 3344 ’Anima
920 3275 971 3358 τῷ
996 3301 1022 3337 τ

637 3409 762 3510 aflinni

638 3541 712 3623 νόθη

637 3703 688 3740 Rev
713 3668 913 3739 Ήθαῑσάων.

312 3801 383 3874 Sed
413 3824 478 3898 pro
506 3805 605 3900 ταμίῃ
634 3798 673 3890 (i.
704 3821 738 3868 e.
767 3797 892 3890 ταμίαι)
922 3797 1102 3894 inlepide
1134 3805 1258 3870 extare
1291 3798 1435 3872 videtur

238 3931 442 4032 hujusmodi
478 3927 625 4026 aliquid,
665 3940 821 4013 ταμιηληι
858 3941 894 4002 et
937 3929 1016 4002 voci
1058 3929 1249 4003 Ἠθαισάων
1296 3929 1434 4002 nullum

237 4086 369 4138 nomen
409 4059 579 4133 Graecum
612 4058 725 4130 simile
755 4071 853 4132 certe
889 4059 973 4132 vidi.
1026 4058 1098 4132 Alii
1134 4061 1252 4134 forsan
1289 4061 1435 4135 mallent

235 4195 358 4292 ingere
387 4194 478 4278 Θαῒς,
505 4188 643 4263 caeteris
667 4187 778 4261 literis
805 4189 842 4261 in
871 4190 988 4264 medio
1015 4189 1160 4264 relictis.
