3218 5116
794 365 863 426 ¹¹¹2
1204 369 1349 454 [Crass.
1373 374 1435 442 111.
1494 447 1501 455 ,

239 534 373 610 mensis
391 529 604 632 vigesimum
620 531 787 628 quintum
803 533 898 607 diem
914 533 1059 608 cederet
1068 563 1078 623 ;
1107 535 1302 638 vigesimus
1313 556 1434 620 autem

238 669 385 768 quintus
402 677 526 742 sextus
544 677 600 740 est
620 668 752 740 mensis
769 669 934 742 exeuntis
956 670 1055 760 (ἕκτη
1072 677 1280 771 φθίνοντος.)
1323 680 1379 753 lta
1397 681 1433 753 in

238 817 417 874 marmore
439 795 567 890 ἑβδόμη
581 804 635 875 rui
659 796 783 888 δεκάτη
810 801 909 899 ἡμέρα
931 809 989 890 τῆς
1005 815 1202 905 πρυτανείας
1228 811 1355 884 eadem
1379 825 1434 885 esi

237 959 282 1008 ac
293 936 377 1023 ἕκτη
390 939 566 1033 φθίνοντος
583 919 888 1031 Μιταγυιτνῖωνος.
916 935 1024 1028 Quod
1043 938 1072 1010 si
1091 952 1189 1016 recte
1206 966 1287 1016 sese
1302 943 1432 1018 habeat

235 1039 297 1140 ια’
323 1065 493 1156 cuculus,
528 1067 624 1141 ιυνι
655 1067 733 1140 neri
761 1077 880 1164 poten
911 1067 998 1162 qun
1028 1067 1108 1142 nro
1139 1069 1209 1144 νιιυ
1237 1070 1446 1157 nunu:

236 1195 298 1294 qui
334 1205 474 1268 tanturn
512 1197 558 1270 de
597 1197 694 1270 cavis
736 1195 920 1269 mensibus
959 1197 1191 1295 scripsemnt.
1260 1203 1428 1278 Videmus

235 1324 330 1398 enim
359 1323 398 1398 in
427 1347 604 1398 marmore
634 1323 849 1424 vigesimum
878 1325 1077 1397 secundum
1109 1330 1279 1404 secundte
1303 1331 1428 1430 Pryta-

109 1521 115 1533 ]
231 1461 304 1536 niae
322 1461 417 1535 diem
435 1485 517 1534 curn
535 1457 591 1564 ἔνη
606 1464 660 1534 καὶ
676 1461 732 1555 νέᾳ
747 1459 880 1534 mensis
899 1459 1201 1560 Metageitnionis
1218 1464 1425 1538 convenire.

231 1589 272 1666 si
289 1601 409 1664 autem
425 1589 841 1700 septendecimus'hujus
856 1589 1042 1688 Prytaniae
1057 1588 1134 1666 dies
1151 1613 1233 1665 cum
1251 1591 1426 1692 vigesimo

231 1724 361 1824 quinto
377 1721 681 1820 Metageitnionis
702 1720 905 1810 conveniat,
933 1721 1129 1822 vigesimus
1148 1726 1330 1799 secundus
1348 1727 1423 1800 dies

228 1867 415 1968 Prytauiae
430 1867 465 1940 in
483 1866 615 1940 mensis
628 1866 854 1966 trigesimum
875 1865 1014 1939 incidat
1027 1877 1179 1963 oportet.
1233 1867 1424 1942 Falluntur

228 2027 318 2104 ergo
352 2003 414 2102 qui
459 1996 574 2076 mensi
613 2000 901 2102 Metageitnioni
945 2025 1019 2075 non
1064 2004 1132 2076 nisi
1176 2003 1306 2103 viginti
1343 2030 1424 2079 curn

227 2160 357 2213 novem
399 2135 527 2210 diebus
564 2134 740 2210 tribuunt.
794 2133 902 2226 Quod
943 2157 1091 2232 quoque
1131 2134 1263 2208 exinde
1303 2106 1425 2236 colligi

226 2283 355 2370 potest,
389 2294 519 2368 nempe
554 2271 652 2368 quod
685 2271 724 2344 in
771 2293 946 2344 marmore
974 2268 1113 2367 primus
1151 2269 1426 2346 Boedromionis

226 2407 303 2479 dies
327 2428 409 2478 cum
439 2402 614 2501 vigesimo
638 2402 748 2478 tertio
774 2401 960 2502 Prytaniae
988 2403 1190 2493 conveniat,
1223 2404 1319 2502 quod
1346 2405 1426 2479 fieri

226 2537 355 2636 nequit
383 2536 453 2608 nisi
482 2534 633 2634 triginta
658 2533 736 2610 dies
764 2535 1046 2636 Metageitnioni
1078 2536 1296 2610 tribuentur.
1351 2536 1425 2609 Sed

1132 2635 1140 2662 t

224 2671 322 2745 haud
356 2691 476 2743 meum
516 2675 572 2741 est
610 2675 729 2742 tentus
761 2691 981 2765 componere
1016 2666 1098 2740 lites
1111 2665 1134 2738 ¹.
1198 2667 1253 2740 Ea
1285 2677 1423 2742 tantum

222 2821 311 2885 noto
337 2831 420 2908 quse
445 2829 491 2878 ex
519 2803 575 2876 his
605 2805 843 2880 marmoribus
868 2803 989 2903 colligi
1011 2812 1173 2899 possunt.
1197 2815 1198 2824 ’

300 2945 407 3037 Quod
444 2945 561 3042 ipsum
597 2965 754 3016 marmor
785 2939 927 3024 attinet,
966 2938 1161 3013 admodum
1199 2938 1320 3012 tritum
1356 2951 1422 3027 est,

222 3074 370 3176 legique
397 3069 553 3161 difficile,
589 3079 627 3144 et
659 3069 773 3168 longo
803 3077 966 3164 tempore
998 3088 1088 3164 opus
1118 3079 1195 3142 erat
1228 3080 1268 3141 ut
1302 3093 1421 3142 meum

222 3206 472 3307 apographum
507 3203 737 3277 conticerem.
799 3197 1171 3276 Animadvertendum
1205 3212 1271 3289 est,
1307 3202 1423 3277 omitti

221 3350 302 3439 post
334 3336 443 3411 verba
469 3335 549 3409 Ἐτδ
580 3341 640 3421 τῆς
669 3329 872 3432 Ερεχθηῗδαυ
899 3325 1053 3431 δευτέρας
1082 3333 1179 3429 quod
1207 3332 1420 3431 plerumque

220 3472 383 3574 sequitur
398 3467 691 3567 (πρυτανευούσης)
710 3489 778 3539 nec
799 3463 954 3561 expedio
975 3465 1063 3561 quid
1087 3463 1134 3536 sit
1153 3464 1301 3537 verbum
1323 3465 1420 3560 quod

221 3609 339 3682 statim
375 3613 561 3700 sequatur.
614 3599 760 3674 Novem
792 3599 908 3672 literne
936 3599 1080 3685 desunt,
1114 3593 1297 3696 στοιχηδὸν
1322 3595 1418 3669 enim

173 3717 179 3740 ⁸
221 3738 395 3836 scriptum
421 3748 475 3812 est
497 3755 655 3809 marmor
667 3761 678 3822 ς
706 3731 743 3804 in
762 3754 853 3806 voce
873 3726 1041 3831 παρεδόθη
1058 3739 1142 3801 sunt
1165 3738 1302 3802 tantum
1324 3737 1417 3801 octo.

221 3868 391 3967 Aspimta
407 3867 540 3965 ιιόἱιμιε
556 3862 745 3946 omittitur,
763 3863 949 3961 quodnisi
972 3862 1021 3932 ita
1040 3869 1147 3949 esset,
1165 3883 1237 3933 vox
1251 3854 1418 3958 παρεδόθη

220 4029 303 4080 cum
328 4005 485 4102 aspirata
517 4002 584 4098 (H)
616 4001 734 4074 locum
768 4011 869 4074 reete
899 3998 1097 4098 suppleret.
1151 3997 1243 4072 Illud
1269 4021 1417 4096 quoque

217 4134 578 4212 animadvertendum
609 4133 705 4205 inter
742 4131 895 4229 populos
924 4131 1056 4203 Atticae
1087 4127 1266 4201 numerari
1316 4135 1415 4227 Πρυ-

218 4260 451 4363 βάλινθον’,
487 4271 525 4337 et
558 4262 637 4363 ejus
671 4258 810 4352 δημότας
847 4285 870 4335 n
904 4258 1094 4335 Μιειιιείο3
1134 4269 1171 4333 et
1199 4257 1278 4333 aliis
1325 4267 1412 4358 Πρυ·

259 4465 347 4535 ¹Qui
366 4465 446 4541 pium
458 4463 527 4522 uelit
539 4461 690 4522 Coruinum
705 4461 786 4520 edent
877 4455 1073 4516 ’strabun
1121 4453 1199 4512 rtur.
1215 4451 1270 4511 lv,
1285 4459 1314 4518 7.

218 4563 295 4623 Fan
312 4563 374 4622 titt.
389 4562 468 4622 Diss.
482 4561 551 4637 11„
879 4551 1017 4610 'Meum
1035 4550 1104 4624 Pup.
1120 4551 1180 4608 Au.
1192 4567 1220 4624 p.
1234 4551 1302 4614 109.
1331 4609 1334 4616 ¹
