3218 5116
799 347 805 360 ·
832 399 929 470 130,
1220 399 1371 485 [Cusss.
1398 397 1496 466 ΙΙΙ..

264 556 394 638 munus
427 567 523 664 qnod
559 553 715 663 quatuor
743 592 860 644 unnos
894 567 1060 644 duravit¹
1095 581 1176 668 post
1209 571 1468 648 Panathenaea

262 697 444 772 celebrate
469 715 653 797 accepere.
707 701 780 776 Sed
802 702 887 802 lege
913 715 1057 777 cnutum
1083 716 1163 778 erut
1186 716 1224 779 ut
1248 707 1469 806 quicunque

263 832 520 927 rempublicam
553 834 749 936 attigerint,
777 837 937 912 muneris
971 837 1110 935 peracti
1146 839 1320 914 rationem
1365 841 1466 914 iutra

263 959 411 1058 triginta
439 961 579 1036 dierum
605 965 761 1061 spetlum
785 965 979 1040 redderent
989 967 1016 1037 ².
1069 965 1174 1041 Nihil
1196 977 1318 1040 nutem
1337 969 1468 1044 notius

262 1107 370 1193 quern
405 1095 635 1196 magistratus
669 1097 911 1173 Athenienses
943 1121 1040 1197 srepe
1071 1123 1092 1172 e
1122 1123 1187 1173 suu
1221 1124 1261 1174 re
1293 1101 1466 1176 familiari

199 1288 211 1310 .
263 1231 455 1328 pecuniam
485 1254 557 1329 qun
584 1255 678 1330 opus
706 1244 784 1306 eret
807 1232 851 1306 nd
882 1255 1014 1306 munus
1041 1231 1264 1319 obeundum,
1290 1231 1325 1304 in
1356 1243 1465 1304 unte·

265 1385 405 1437 cessum
441 1365 594 1450 dedisse,
629 1385 751 1459 quem,
785 1363 814 1435 si
848 1363 1006 1437 rationes
1039 1373 1137 1437 recte
1171 1363 1406 1452 reddiderint,
1441 1387 1465 1436 e

265 1495 450 1593 republica
484 1503 609 1590 postea
640 1514 818 1591 accepere
829 1493 852 1565 ³.
905 1493 945 1566 Si
981 1517 1070 1593 ergo
1100 1493 1137 1568 hi
1169 1493 1393 1568 Athlothetae
1422 1493 1462 1568 in

264 1599 368 1706 osuin
406 1629 735 1703 Panathenaeorum
769 1627 932 1725 quinque
966 1627 1102 1702 talenta
1140 1637 1178 1702 ct
1206 1627 1304 1702 mille
1330 1629 1461 1702 druch-

264 1787 403 1839 marum
432 1763 468 1834 in
496 1771 720 1836 antecessum
748 1774 1011 1854 numerassent,
1036 1763 1194 1838 secunde
1219 1763 1461 1860 proculdubio

258 1893 438 1996 'Prytanis
480 1916 559 1968 earn
593 1893 782 1992 pecuniam
824 1917 845 1966 e
879 1893 1065 1992 republica
1101 1893 1340 1990 accepissent,
1375 1915 1458 1967 cum

262 2029 324 2102 illo
360 2029 505 2100 demum
544 2038 705 2122 tempore
742 2025 900 2098 rationes
936 2024 1111 2100 reddituri
1143 2037 1275 2098 essent.
1338 2025 1458 2100 Mults

256 2168 312 2240 'de
347 2165 537 2262 ‘lepororoir
580 2139 847 2233 Burtbelemius
881 2170 918 2233 et
956 2159 1152 2250 Boethius,
1193 2183 1347 2259 quorum
1388 2161 1459 2234 dis·

255 2279 459 2396 'putationis
492 2295 571 2366 baec
607 2303 663 2366 est
695 2316 845 2364 summu.
905 2291 1079 2390 'leposrmol
1113 2289 1172 2363 hic
1206 2290 1278 2362 κατ’
1311 2291 1459 2364 ἐνιαυτὸν

254 2432 446 2516 dicuntur,
483 2451 530 2500 ne
565 2447 647 2499 cum
683 2423 762 2497 eliis
796 2424 958 2523 ejusdem
994 2423 1150 2496 nominis
1191 2419 1460 2521 magistratibus

263 2563 545 2648 confundentur,
577 2559 639 2653 qui
677 2557 887 2644 Ἐπιμῆνιοι*
929 2557 1047 2633 vocati
1089 2567 1185 2641 sunt,
1224 2581 1306 2666 cum
1347 2555 1458 2631 sacris

263 2697 346 2789 quae
364 2691 543 2790 cujusque
566 2687 699 2762 mensis
721 2687 825 2762 initio
841 2689 937 2762 suctu
959 2699 1044 2762 sunt
1068 2688 1315 2786 prresiderent.
1364 2687 1456 2762 Cum

262 2821 508 2897 Hecatombes
552 2819 710 2916 pretium
754 2820 812 2892 lric
854 2821 1041 2919 Ἰεροποεοὶς
1081 2829 1304 2907 numeretur,
1330 2820 1458 2892 eodem

253 2955 414 3030 ¹munere
448 2977 493 3025 nc
533 2956 679 3029 Βοῶναι5
709 2953 824 3026 suncti
863 2977 941 3026 esse
977 2952 1159 3027 videntur.
1220 2949 1392 3028 Attamen
1430 2950 1459 3024 si

264 3083 494 3196 Aristotelem
513 3083 560 3156 sb
581 3082 822 3183 Etymologici
849 3095 997 3159 auctore
1020 3082 1235 3157 advocatum
1258 3082 1459 3168 audiemus,

252 3218 353 3292 nibil
387 3231 466 3293 eret
495 3220 685 3318 Ἱεροποιοῖς
719 3242 800 3291 curn
837 3215 1104 3292 Panathenaeis.
1158 3217 1298 3291 Forsan
1336 3227 1460 3290 nutem

265 3362 348 3448 post
379 3351 492 3425 nostri
528 3352 713 3425 marmoris
747 3361 887 3425 retntem
920 3350 1072 3423 mutatio
1104 3350 1226 3449 aliquo
1260 3350 1357 3422 facts
1392 3358 1461 3424 est.

253 3477 490 3558 ‘Heoutombe
525 3483 762 3580 proculdubio
795 3507 878 3583 quoe
913 3483 972 3558 hic
1002 3483 1167 3556 innuitur
1200 3506 1273 3556 non
1308 3481 1379 3556 nisi
1409 3483 1458 3557 sd

264 3613 515 3689 Panathenaea
542 3615 669 3689 referri
697 3625 825 3714 potest.
876 3613 961 3690 Una
991 3613 1086 3688 enim
1117 3637 1199 3686 cum
1227 3613 1463 3702 Atblotlsetis,

250 3747 327 3843 'qui
364 3749 411 3820 nd
455 3745 701 3822 Panathenaea
738 3748 815 3821 sole
857 3747 1079 3846 pertinuere,
1123 3755 1353 3820 memoratur.
1417 3741 1458 3815 Si

250 3903 355 3980 'ergo
394 3884 432 3956 in
472 3882 543 3955 ulis
582 3905 684 3956 sacru
724 3891 844 3980 emptu
882 3881 1022 3968 fuisset,
1059 3879 1298 3976 proculdubio
1332 3901 1457 3952 eorum

248 4161 255 4172 ,
291 4106 461 4166 '¹Ci.l³oll.
475 4125 553 4169 v111.
573 4129 600 4169 c.
613 4115 643 4181 9.
663 4113 685 4181 ξ.
703 4116 751 4178 87.
885 4114 907 4182 5.
937 4117 1006 4182 107,
1032 4118 1064 4168 et
1101 4111 1168 4168 114.
1204 4119 1234 4166 et
1263 4105 1456 4188 doctissimum

303 4205 314 4236 '
334 4202 381 4260 Cf.
394 4201 503 4260 Comin.
514 4205 543 4264 l'.
556 4209 594 4266 A.
608 4207 691 4264 Tom.
707 4207 730 4265 Ι.
744 4225 772 4278 p.
783 4211 834 4266 35.
886 4205 1098 4279 Kreuzeriopus
1113 4199 1334 4280 Symbolilrdv.
1350 4219 1378 4274 p.
1390 4202 1456 4256 518.

245 4301 266 4352 ὓ.
302 4308 315 4341 ⁸
335 4299 383 4360 Cf.
399 4301 531 4360 Demus
545 4303 613 4363 Cor.
627 4323 655 4380 p.
670 4301 740 4362 266.
926 4299 938 4332 ⁸
959 4298 1085 4384 Harpnc.
1102 4307 1131 4355 et
1148 4295 1227 4358 Suid.
1244 4293 1273 4352 in
1287 4311 1358 4352 voce
1375 4293 1458 4352 Deru.

303 4398 314 4429 ⁴
334 4395 380 4454 ef.
403 4393 530 4473 Hesych.
554 4417 616 4458 voc.
636 4399 742 4478 Ἰεροπ.
760 4393 835 4454 Seld.
885 4397 914 4455 in
929 4395 1000 4454 Alid.
1022 4415 1052 4472 p.
1067 4391 1137 4455 680.
1152 4393 1186 4452 E.
1206 4389 1322 4468 Ulpiae.
1334 4389 1373 4450 ib.
1387 4383 1459 4449 6⁸6.

263 4492 373 4552 eddec.
394 4489 508 4566 Smyrn.
532 4489 638 4547 lllnrm.
662 4491 757 4550 Oxou.
778 4491 834 4564 (cd.
887 4489 1248 4550 Libun.Declum.v111.
1290 4485 1361 4550 len.
1394 4485 1460 4556 Seg-

264 4587 372 4661 nlain.)
394 4603 422 4658 p.
449 4581 514 4642 165.
557 4584 628 4644 l‘oll.
653 4602 729 4644 vrri.
756 4607 833 4666 eng.
884 4605 911 4661 p.
927 4591 995 4652 219.
