3218 5116
185 389 316 460 lusca.
340 388 450 470 vni]
752 399 822 475 187

52 654 56 663 .
184 583 289 684 longi
311 608 353 660 ιν
371 587 467 681 ped„
493 581 559 658 lati
577 607 602 658 v
628 584 802 681 palmas,”
826 585 893 672 vel,
916 585 1044 686 longos
1067 609 1108 658 ιι
1127 583 1223 680 ped„
1248 583 1339 656 latos
1359 603 1384 652 v

184 717 334 814 palmas.
963 748 969 761 ·

260 859 273 890 ²
304 847 322 920 l
375 845 603 945 Capitulum¹
624 847 804 922 columnae
821 873 888 922 suo
904 849 979 922 loco
995 849 1091 922 haud
1109 849 1267 946 positum
1290 845 1384 946 quod

183 981 195 1024 ‘
220 981 405 1081 Metopon
424 982 514 1080 (aive
536 958 626 1079 pars¹
639 1006 749 1079 snpra
766 981 996 1081 supercilium
1015 981 1203 1078 fenestra)
1220 984 1383 1057 futurum

184 1127 251 1205 est,
278 1115 393 1190 latum
411 1115 583 1213 sesquip,
606 1138 766 1188 cmssum
789 1115 950 1214 sesquip.
975 1115 1050 1211 (vel
1060 1117 1203 1213 sorsum

256 1250 277 1323 1
335 1249 543 1346 Capitulum
575 1249 753 1323 columnas
782 1272 850 1323 suo
880 1247 961 1321 loeo
989 1248 1088 1322 haud
1118 1246 1284 1342 positum.

238 1379 305 1476 (ι)
356 1375 473 1472 Lapis
499 1376 562 1475 qui
593 1376 772 1473 Metopon
799 1375 995 1450 allecturus
1018 1384 1073 1448 cst
1098 1373 1185 1466 dcc.)
1276 1397 1279 1408 ¹

257 1507 297 1580 V
350 1505 549 1607 Epistylia²
580 1509 678 1581 baud
697 1488 768 1581 auo
797 1508 875 1581 loco
900 1507 1016 1604 posita
1040 1507 1151 1605 longa
1179 1529 1254 1580 vni
1287 1504 1384 1600 ped„

177 1646 299 1720 'lata
326 1668 356 1716 11
381 1646 462 1741 ped.
488 1654 526 1718 et
547 1643 713 1740 palmam,
739 1667 860 1716 cmssa
891 1667 920 1716 ιι
947 1643 1028 1736 ped.

258 1778 321 1855 lll
359 1775 1383 1878 Epistyliosum³suolocopositorumloportcbatsuper·

179 1908 196 1949 ⁵
226 1909 350 1984 ficiem
371 1908 570 1995 elaborare,
596 1909 788 2008 longorum
808 1930 882 1994 vui
901 1908 995 2003 ped„
1023 1906 1177 1994 latorum
1202 1933 1231 1984 ιι
1247 1909 1328 2005 ped.
1347 1918 1383 1982 et

179 2042 309 2140 palm,
332 2063 539 2114 crassorum
566 2059 596 2110 ιι
617 2039 700 2132 ped.

265 2175 465 2272 Reliquum
489 2183 610 2246 autem
638 2195 730 2268 opus
761 2171 968 2262 universum
994 2169 1033 2242 in
1067 2176 1204 2248 ambitu
1238 2178 1385 2254 inchoat
1474 2155 1478 2162 ’

182 2307 193 2356 ³
224 2324 381 2377 marmor
406 2300 670 2387 Eleusiniam,
1106 2293 1109 2300 ’

184 2503 231 2560 ius
250 2499 298 2578 [ad
315 2499 386 2558 Tan.
409 2497 524 2561 Haracl.
540 2499 564 2558 1.
582 2498 663 2577 (frag.
678 2497 763 2571 Bait.)
811 2505 841 2556 et
854 2494 964 2574 singula
976 2505 1041 2555 octo
1051 2497 1134 2573 pedes
1148 2497 1244 2574 longa,
1257 2499 1385 2562 omnium

186 2599 207 2657 Ι.
243 2595 288 2675 6.]
327 2595 520 2673 “Epistylia”
548 2596 631 2656 docet
657 2595 761 2654 “haud
811 2592 954 2671 longitudo
973 2593 1071 2654 frontis
1093 2594 1162 2654 aedis
1187 2594 1386 2672 longitudinem

186 2713 255 2754 raro
287 2693 315 2751 id
354 2701 445 2752 totum
485 2691 655 2771 significare,
688 2694 761 2772 quod
811 2701 933 2768 superat.
976 2695 1080 2754 Postea
1097 2703 1194 2754 autem
1215 2707 1387 2755 memoratur

185 2789 328 2848 columuis
365 2783 525 2866 imponitur,
561 2791 602 2850 ita
637 2801 668 2848 ut
701 2791 761 2866 ejus
810 2789 886 2847 aliud
900 2789 1027 2864 ejusdem
1049 2788 1250 2867 magnitudinis
1271 2790 1300 2848 in
1313 2793 1386 2867 pari·

187 2885 296 2944 ambitu
316 2885 445 2943 vocabuli
464 2885 549 2943 simul
566 2886 762 2943 columnarum
811 2887 848 2944 sti
879 2886 995 2943 australi
1030 2887 1173 2960 positum
1207 2885 1279 2943 unde
1311 2888 1385 2948 banc

187 2979 325 3058 capitula,
353 2979 438 3037 simul
470 2978 567 3046 etiam,
600 2981 687 3046 trabs,
717 2998 764 3036 ao-
812 2995 921 3052 quoquc
946 2996 982 3032 ex
1007 2980 1105 3036 eodem
1135 2978 1261 3053 lapidum
1289 2984 1384 3042 ordine

188 3080 304 3156 phocas,
325 3092 436 3150 corona,
457 3081 625 3150 tympanum
643 3072 766 3130 contine·
811 3071 1387 3162 inaedislatereesspvensimilevideturss'

188 3175 300 3235 antur.''
341 3177 360 3205 “
371 3165 539 3228 Ἐπιστῦλια
552 3167 581 3228 iu
600 3187 678 3228 num.
692 3167 765 3242 plur.
815 3165 944 3227 wilkins.

186 3283 223 3330 nt
258 3271 332 3344 apud
369 3265 541 3326 Vitruvium.
591 3263 664 3322 Haec
696 3283 764 3322 vero
854 3262 945 3320 ‘dua
964 3261 1048 3322 ὄντα.
1098 3265 1175 3326 “Cf.
1196 3267 1254 3326 tab.
1278 3285 1385 3327 xx111.

163 3437 167 3444 ι
190 3383 278 3441 supra
290 3363 435 3422 columnas
451 3363 486 3420 ad
508 3359 683 3419 occidentem
697 3359 762 3436 poni
813 3367 842 3420 4.
858 3361 886 3417 ff.
922 3361 1090 3439 Pertingunt
1103 3363 1164 3422 haec
1178 3374 1242 3422 octo
1254 3365 1387 3444 epistylia

188 3483 247 3521 non
262 3470 399 3538 poteraut,
420 3460 487 3536 qnia
504 3456 648 3531 longitudo
665 3473 761 3514 eorum
813 3474 898 3532 usque
917 3456 958 3520 ad¹
977 3465 1073 3514 antam
1099 3457 1226 3536 pmstyli‚
1254 3479 1318 3537 quae
1343 3471 1388 3520 sst

191 3579 247 3619 non
274 3557 393 3636 quadrat
414 3555 451 3613 ad
474 3571 637 3613 mensuram
651 3554 687 3610 ab
713 3553 761 3610 axi
812 3553 954 3631 longitudo
968 3573 997 3628 p.
1012 3550 1063 3625 65,
1078 3555 1125 3616 4.''
1164 3554 1282 3616 Mulier.

189 3657 306 3717 alterius
326 3654 464 3712 columnae
482 3651 518 3709 ad
540 3651 660 3709 alteram
685 3669 762 3708 com·
850 3655 900 3688 θ’·
914 3650 1029 3726 Fastigii
1062 3653 1134 3726 quod
1168 3653 1260 3710 adhuc
1297 3663 1385 3722 extat.

191 3754 356 3832 putandam.
398 3749 482 3806 Posui
495 3747 579 3825 igitur
593 3765 678 3822 supra
692 3747 764 3822 pari·
814 3743 957 3820 Zophori''
1001 3745 1059 3818 (vel
1102 3745 1304 3818 Diazosmatis‚
1346 3749 1385 3810 ci.

189 3863 264 3912 stem
286 3846 438 3907 australem
466 3843 539 3903 Tab.
565 3859 674 3901 xxm.
697 3847 727 3900 4.
741 3839 761 3901 f.
813 3842 922 3900 Athen.
946 3842 984 3901 V.
1007 3861 1033 3917 p.
1055 3847 1125 3902 205.
1149 3843 1198 3918 C.)
1215 3846 1271 3902 “et
1290 3845 1385 3904 forsan

193 3952 260 4022 zg.
284 3941 415 4000 Latitudo
425 3939 526 3996 horum
534 3937 616 4013 epist.
624 3934 763 3994 estserme
812 3937 941 4014 tympani
955 3939 1072 3996 externa'
1090 3937 1176 3996 facies
1196 3959 1212 3996 a
1234 3941 1304 3996 duro
1319 3959 1387 4016 quo·

192 4057 221 4113 p.
236 4045 264 4098 2.
279 4045 309 4098 3.
329 4035 388 4114 (Cf.
402 4035 506 4094 suan.
519 4035 579 4092 tab.
595 4028 765 4108 13.)crassi·
812 4034 879 4092 dam
901 4035 1050 4094 marmoris
1072 4051 1171 4110 genam
1189 4034 1283 4109 (quale
1300 4053 1386 4110 propa

195 4133 261 4191 tudo
287 4133 347 4193 sine
369 4135 583 4207 antepagmenta
606 4135 634 4191 l.
660 4133 690 4196 9.
716 4127 765 4192 7.”
816 4129 977 4190 Eleusinem
1023 4130 1174 4206 invenitur)
1218 4129 1292 4188 lacta
1333 4139 1385 4190 est.

195 4227 315 4291 Milller.
817 4227 905 4286 Plena
927 4236 971 4288 ast
993 4228 1176 4288 subscudibus
1196 4227 1304 4302 lemeis,
1327 4229 1388 4306 qui-

235 4326 248 4358 ⁸
268 4331 286 4360 ‘⁴
299 4323 439 4402 Epistylia
454 4322 500 4380 bic
518 4322 668 4381 innuuntur
683 4339 767 4397 supra
816 4325 867 4383 bus
886 4327 920 4384 ad
940 4325 1042 4403 sigilla,
1063 4327 1211 4404 variasque
1229 4323 1385 4402 scalpturas

196 4417 331 4492 parietem
351 4439 402 4478 suo
425 4417 486 4478 loco
507 4419 608 4496 posita,
628 4417 707 4478 initio
730 4418 766 4476 ab
815 4420 970 4496 infigendas
991 4422 1033 4481 usi
1050 4429 1117 4481 sunt
1137 4429 1253 4488 veteres.
1293 4421 1386 4480 ‘Mihi

195 4516 298 4592 angulo
320 4517 404 4580 iacto.
449 4517 524 4579 Cum
555 4517 674 4598 quinque
699 4516 765 4589 sint,
816 4516 928 4596 quidem
950 4517 988 4578 ait
1014 4515 1113 4578 Facias
1134 4518 1182 4594 (ad
1205 4519 1326 4580 Pausan.
1347 4517 1385 4580 V.
