3204 5104
517 719 669 857 Crass.
696 773 734 854 I.
788 774 1090 856 Inson.111.·

225 1065 233 1113 ¹.
388 1077 391 1082 ¹
431 983 793 1084 INSCRIP'I'lO
834 983 1151 1061 LEUCADIA.

630 1191 721 1248 Tnu.
743 1189 781 1248 11.
825 1191 895 1250 rm.
918 1191 956 1246 11.

729 1415 861 1463 ..4-

195 1619 426 1705 Petrizzopulo.
487 1621 602 1706 Soggio
636 1623 762 1688 Storico
797 1625 875 1689 sulle
908 1625 1008 1711 prime
1042 1641 1093 1692 eta
1127 1623 1199 1693 dell·
1237 1619 1329 1694 Isolu¹
1354 1631 1387 1694 di

474 1734 634 1800 Leucadia
657 1735 809 1815 (Floreat.
830 1741 936 1814 1814.)
956 1739 1037 1805 Tab.
1058 1739 1103 1809 ΙΙ.

270 1905 390 1995 Hauc
420 1922 687 2018 inscriptionem
719 1923 901 1996 Bb‘ckhius
930 1948 1071 1998 mecum
1090 1929 1385 2018 communicavit;

193 2061 318 2144 postea
349 2050 594 2146 Petrizzopuii
621 2075 711 2147 opus
744 2052 1002 2125 humanissime
1030 2053 1117 2125 mibi
1146 2057 1417 2129 commodavit

193 2185 353 2256 omnium
389 2184 565 2256 bonorum
602 2182 782 2256 literarum
818 2194 990 2280 patronus
1022 2184 1081 2256 ille
1117 2194 1226 2284 atque
1267 2187 1388 2258 fautor

193 2315 410 2389 Fredericus
437 2317 570 2389 Comes
597 2318 643 2388 de
667 2315 846 2389 Guilford.
893 2313 1109 2411 Bibliopoiae
1132 2316 1231 2389 enim
1250 2316 1386 2390 [ondi-

194 2481 336 2542 nenses,
364 2465 403 2528 ut
421 2455 571 2538 videtur,
598 2477 644 2526 ex
661 2455 766 2528 ltalia
785 2455 894 2526 libros
913 2477 1098 2552 nunquam
1113 2456 1281 2532 afferunt.
1312 2457 1385 2548 Qui
1447 2527 1450 2537 ,

193 2609 310 2680 nuper
332 2585 382 2657 ibi
409 2585 635 2681 prodierunt,
664 2585 798 2679 ipsein
824 2609 943 2657 meum
968 2611 1072 2659 usum
1099 2610 1286 2682 nunquam
1315 2587 1384 2660 nisi

191 2712 388 2786 amicorum
416 2713 594 2787 beneficio
620 2736 830 2808 comparare
854 2715 967 2809 potui.

267 2842 370 2942 Quid¹
399 2843 444 2914 de
490 2845 559 2913 hoc
594 2845 772 2914 marmore
806 2845 1033 2914 statuendum
1066 2867 1214 2938 prorsus
1248 2845 1383 2930 nescio,

193 2973 328 3068 quippe
350 2973 446 3068 quod
473 2973 596 3068 aliqua
613 2971 800 3044 contineat
827 2997 909 3068 quae
929 2985 1055 3046 contra
1073 2996 1199 3047 omues
1222 2976 1384 3050 omnium

191 3106 238 3180 dc
263 3101 395 3174 Graecb
421 3101 771 3202 lingubsenteutias
797 3113 961 3199 peccent.
1016 3102 1183 3200 Spurium
1211 3105 1385 3202 imprimis

192 3232 461 3328 inscriptionem
493 3231 588 3314 duxi,
624 3255 691 3302 nec
728 3231 835 3303 bodie
872 3231 1071 3328 genuinam
1103 3257 1183 3308 esse
1211 3235 1385 3308 audacter

191 3363 338 3436 affirmo.
393 3361 570 3458 Magnam
588 3371 706 3432 tamen
728 3361 914 3434 vetustatis
941 3363 1097 3457 speciem
1127 3388 1203 3462 prae
1231 3388 1271 3436 se
1287 3363 1384 3439 ferre

193 3496 396 3570 observavit
431 3493 628 3590 Knightius
659 3493 693 3562 io
724 3492 836 3564 literis
871 3490 979 3564 MSS.
1011 3517 1079 3564 nec
1113 3494 1271 3586 proclive
1305 3517 1385 3567 esse

192 3627 344 3712 creditu,
366 3624 506 3718 aliquos
535 3624 570 3693 in
605 3623 760 3694 barbara
788 3621 938 3721 regione
963 3623 1011 3692 ita
1036 3621 1227 3695 archaismi
1250 3623 1383 3718 peritos

191 3753 349 3834 extitisse
366 3768 405 3828 ut
419 3752 561 3826 titulum
581 3753 693 3824 multa
711 3751 947 3846 proculdubio
965 3754 1011 3824 ab
1030 3762 1193 3825 extrema
1206 3745 1382 3828 uetustate

190 3889 303 3986 petita
326 3885 518 3957 habentem
538 3879 702 3954 ementiri
720 3891 879 3976 possent.
907 3880 1018 3952 Plura
1032 3882 1254 3980 Apograpba
1271 3907 1383 3979 quan-

191 4034 268 4090 tum
286 4017 321 4088 in
340 4031 398 4087 me
416 4023 505 4099 crat,
533 4033 741 4108 comparare
759 4020 910 4082 conatus
929 4033 1007 4082 sum
1026 4034 1137 4106 quum
1154 4009 1214 4082 uix
1232 4011 1381 4083 dubium

192 4146 501 4245 minusculus
532 4166 658 4217 revera
694 4140 892 4238 genuinus·
912 4139 970 4227 sit,
1015 4133 1262 4235 Petriz'zopuli
1292 4163 1383 4237 apo·

190 4277 369 4377 graphum
386 4273 592 4349 foedissimis
607 4271 746 4344 mendis
764 4282 911 4344 scateat.
939 4332 947 4344 ,
966 4271 1084 4344 Variis
1097 4282 1219 4344 autem
1238 4271 1382 4344 casibus

194 4430 284 4503 quos
301 4406 359 4479 bic
382 4427 582 4479 memorare
599 4401 696 4474 haud
717 4425 808 4496 opus
831 4413 898 4490 est,
922 4425 1003 4506 spes
1025 4425 1150 4475 omnes
1168 4401 1266 4473 falsae
1283 4411 1380 4474 sunt.
