3176 5094
190 343 248 416 xiv
612 369 957 420 rnouuaouuut.

188 537 309 598 tamen
353 525 543 600 Eduardus
587 525 796 600 Bernardus
837 526 968 600 dooere
1011 549 1084 598 non
1128 536 1184 598 est
1227 527 1389 614 veritus;

189 655 327 728 etiamsi
360 655 568 746 Salmasius,
607 682 681 754 quo
714 659 751 730 in
775 659 851 740 ¹hac
886 681 925 730 re
960 681 1067 729 nemo
1103 655 1244 743 melius,
1280 657 1390 728 Attici

189 785 337 858 nomine
360 785 568 881 primaevum
592 787 825 883 alphabetum
842 811 920 860 nur.
947 787 1146 870 literarum,
1168 783 1287 858 Ionici
1304 809 1391 860 vero

189 914 407 1009 completum
431 916 595 1014 intelligi,
624 917 798 1011 praeclare
818 917 897 1014 jam
920 915 1175 1006 ostendisset.”

263 1045 346 1118 Nec
389 1047 492 1120 aliter
532 1049 594 1145 qui
639 1046 745 1120 hodie
789 1046 931 1120 Graecis
973 1045 1090 1119 literis
1131 1041 1390 1116 vetustioribus

118 1161 121 1168 “
189 1201 328 1252 summo
366 1202 449 1250 cum
489 1178 607 1252 fructu
653 1178 803 1250 inservit
846 1177 1026 1248 Ricardus
1063 1174 1190 1270 Payne
1225 1171 1390 1272 Knight..l

187 1308 337 1380 “Unde
369 1309 483 1383 literae
511 1308 658 1382 Graecre
693 1308 870 1406 originem
909 1305 1091 1392 duxerint,
1130 1316 1169 1377 et
1195 1327 1269 1399 quo
1299 1316 1390 1376 tem·

186 1464 275 1536 pore
302 1442 490 1539 signorum
519 1464 709 1512 numerum
737 1439 884 1536 plenum
916 1438 1136 1534 acceperint,
1169 1437 1208 1508 in
1233 1437 1390 1508 obscuro
1507 1475 1528 1490 ·

185 1582 264 1645 est:
291 1572 412 1646 omnia
439 1571 534 1644 enim
560 1595 643 1667 quae
668 1571 801 1644 tradita
828 1584 913 1642 sunt
935 1571 981 1642 de
1000 1568 1150 1650 Cadmo,
1176 1567 1388 1652 Palamede,

186 1700 255 1773 dc.
280 1699 421 1772 lubrica
440 1701 631 1772 admodum
662 1711 698 1773 et
714 1701 854 1773 incerta
877 1711 973 1772 sunt.
1027 1701 1086 1774 De
1110 1701 1263 1788 Cadmo,
1287 1700 1388 1773 Leu-

185 1831 336 1914 cotheae,
370 1853 453 1927 quae
486 1842 573 1902 nata
608 1832 764 1904 mortalis
797 1835 866 1904 dea
898 1831 1005 1903 maris
1039 1829 1135 1902 facta
1171 1843 1239 1918 est,
1270 1844 1386 1928 patre,

187 1961 397 2034 memoravit
422 1962 596 2058 Odysseae
621 1973 747 2035 auctor
757 1992 768 2049 ;
797 1963 847 2033 ita
865 1972 983 2034 tamen
1013 1973 1054 2035 ut
1075 1963 1208 2036 nullam
1235 1964 1280 2038 de
1307 1966 1387 2062 ejus

185 2091 301 2187 patria
330 2094 387 2164 uel
418 2093 528 2189 stirpe
565 2094 726 2166 notitiam
760 2091 959 2189 reliquerit.
1014 2094 1167 2166 Cadmei
1202 2095 1257 2166 isti
1291 2097 1386 2170 cele-

171 2219 342 2309 berrimi,
377 2225 439 2320 qui
468 2223 620 2296 Thebas
647 2223 684 2295 in
712 2224 858 2297 Boeoua
889 2225 945 2296 vel
972 2225 1209 2298 condiderant
1237 2228 1292 2302 vel
1324 2255 1385 2301 oc-

185 2337 419 2449 cupaverant,
454 2379 477 2426 a
516 2366 624 2450 poeta
659 2356 866 2452 antiquiore
908 2358 1093 2428 memorati
1135 2368 1242 2445 sunt3
1286 2361 1386 2434 nulla

185 2493 307 2556 tamen
332 2487 515 2558 mentione
538 2485 636 2556 facta
659 2485 715 2558 vel
734 2485 856 2581 stirpis
879 2485 936 2558 vel
962 2485 1123 2584 regionis
1146 2511 1217 2584 qua
1240 2489 1385 2562 oriundi

183 2622 316 2688 essent.
370 2615 403 2685 A
426 2613 563 2686 Danais
579 2625 708 2700 autem
732 2617 790 2690 vel
809 2617 953 2688 Achaeis
976 2631 1122 2711 prorsus
1141 2617 1250 2690 alieni
1272 2620 1385 2692 fuisse

185 2746 376 2840 videntur:
415 2745 478 2816 sed
513 2771 535 2816 a
567 2749 709 2821 ratione
740 2773 861 2820 rerum
892 2759 929 2819 et
962 2748 1121 2820 moribus
1151 2748 1246 2820 illius
1271 2751 1385 2823 seculi

184 2877 291 2976 plane
320 2879 502 2962 abhorret,
532 2876 739 2968 Phoenices,
771 2881 989 2954 maritimum
1014 2905 1146 2978 genus,
1177 2884 1298 2956 sedem
1323 2909 1384 2958 oc·

184 3032 337 3104 cupasse
358 3018 423 3079 aut
442 3007 619 3080 coloniam
644 3010 874 3083 constituisse
897 3022 967 3082 tam
992 3010 1161 3105 procula
1180 3013 1268 3085 mari
1291 3016 1384 3088 inter

183 3152 315 3243 gentes
342 3141 484 3238 ignotas
512 3152 549 3213 et
577 3142 740 3246 infestas.
792 3143 969 3214 Cadmum
1001 3140 1117 3236 ipsum
1149 3166 1296 3239 prorsus
1327 3146 1383 3244 ig-

184 3297 331 3347 norasse
358 3272 520 3346 videtur:
567 3296 689 3369 neque
716 3275 746 3346 si
773 3285 905 3362 nosset,
940 3287 978 3346 et
1004 3287 1154 3372 gentem
1182 3277 1379 3360 Cadmeam

112 3406 117 3417 '
181 3429 248 3502 pro
284 3403 362 3500 ejus
396 3403 549 3496 posteris
584 3403 779 3490 habuisset,
806 3429 868 3477 eos
902 3399 1080 3486 Καδμείους
1116 3405 1179 3478 sed
1213 3403 1382 3490 Ka'lmlar

181 3564 202 3611 e
234 3533 412 3614 sermonis
443 3532 563 3605 indole
600 3534 828 3607 nominasset.
883 3535 1062 3606 Casmilus
1096 3537 1153 3610 vel
1187 3539 1374 3612 Cadmilus

180 3681 284 3746 uetus
319 3665 495 3742 Mercurii
531 3689 663 3738 nomen
695 3665 800 3754 fuit?
834 3665 1082 3763 neque·aliud
1119 3667 1229 3742 fuisse
1264 3673 1374 3750 eredo

182 3801 386 3874 Cadmum:
428 3797 526 3868 unde
561 3793 814 3884 Harmoniam,
848 3796 979 3870 Martis
1012 3805 1050 3868 et
1077 3796 1229 3871 Veneris
1266 3800 1377 3874 liliam

180 3953 329 4006 uxorem
351 3925 653 4014 duxisse'fertur3
681 3936 792 4024 atque
810 3952 891 4002 cum
915 3954 958 4002 ea
981 3928 1016 4000 in
1040 3951 1199 4026 anguem
1220 3941 1377 4006 mutatus

220 4131 229 4162 ¹
253 4131 288 4190 R.
299 4132 334 4189 P.
346 4128 465 4202 Knight.
487 4127 599 4204 Proleg.
613 4127 649 4184 ad
663 4125 750 4186 Hom.
843 4127 855 4159 ²
874 4127 920 4188 Cf.
945 4127 1115 4185 Creuzerum
1139 4127 1313 4203 (Symbolilr.
1336 4131 1377 4191 ll.

179 4243 318 4287 nxxvrr.
366 4223 412 4281 Cf.
440 4243 548 4302 quoque
578 4223 751 4282 Barthelemi
802 4229 872 4282 353.
894 4225 1216 4304 Not.1v.rr.eta9.)
1240 4225 1377 4302 Knightio

112 4341 117 4358 ·
180 4328 248 4386 Act.
272 4323 363 4380 Acad.
390 4321 463 4380 lose.
484 4321 695 4380 Tom.xx111.
722 4339 750 4394 p.
802 4315 949 4374 dehacre
967 4319 1177 4394 obsequentem,
1198 4317 1232 4372 de
1254 4317 1377 4389 Cadme-

178 4428 248 4480 420.
801 4431 880 4470 orum
896 4413 1015 4470 nominis
1029 4422 1090 4470 ortu
1105 4410 1180 4469 haud
1195 4410 1273 4470 item.
