3158 5104
219 378 344 446 Issou.
368 374 443 456 1v.]
789 374 833 448 61

218 553 274 630 lbi
297 553 445 650 quidem
469 561 510 626 ut
527 553 565 638 ip
584 561 706 628 nostra
722 554 936 653 epigraphe,
958 579 1047 630 voce
1065 587 1119 629 m
1135 579 1202 654 pro
1218 563 1249 632 at
1266 561 1413 655 scripta,⁴

218 684 329 781 (quod
359 682 524 780 vulgare)
553 684 694 758 articuli
724 707 805 757 cum
840 707 907 758 suo
940 685 1089 758 nomine
1117 688 1228 760 cresis
1266 687 1416 764 efficitur

216 815 246 884 ‘r‘
258 806 382 913 Άχὰιοὶ
397 841 407 900 ;
432 813 464 886 τ’
480 787 641 911 ’Ᾱργεῷὴ

289 943 503 1018 Moneudus
536 953 657 1016 eutem
689 943 804 1018 lector
834 944 1037 1017 Porsonum
1069 946 1175 1020 aliam
1211 951 1415 1046 explicandi

214 1069 391 1144 rationem
426 1069 562 1174 irriisse,
601 1071 737 1166 quippe
775 1071 838 1166 qui
878 1093 943 1143 sua
985 1095 1093 1144 manu
1128 1073 1165 1145 in
1204 1077 1416 1148 adversariis
1525 1087 1527 1094 '

216 1199 329 1276 MSS.
360 1201 467 1276 amici
496 1203 565 1276 mei
592 1203 884 1276 desideratissimi
911 1203 955 1276 Ε.
973 1203 1021 1276 D.
1044 1205 1176 1278 Clarke
1201 1207 1279 1279 haec
1307 1209 1416 1281 verbe

216 1334 428 1408 exalaverit.
922 1411 926 1420 ,

475 1443 749 1512 ΑΝΕΘΕΝΤΟ
767 1442 819 1511 01
844 1441 974 1527 (ut-:stt
997 1444 1086 1512 ΤΩΙ
1112 1443 1178 1511 Au

404 1654 407 1671 Ι
547 1573 655 1645 sno
675 1573 784 1640 rnu
811 1573 1088 1646 uortuoms

216 1709 380 1810 legerat
404 1733 495 1810 ergo

171 1865 307 1935 ΤΑΔΕ
322 1865 420 1934 ΧΙΟΙ
446 1865 747 1950 ΑΝΕΘΕΝΠΟ)
767 1865 854 1933 Tot
874 1867 970 1936 urst
987 1867 1093 1935 ΤΟΝ
1124 1869 1448 1938 κΟΡΙΝΘΟΘΕΝ

215 2017 289 2092 Sed
316 2017 556 2115 proculdubio
584 2041 653 2091 nec
679 2029 808 2114 quarta
832 2019 937 2091 litere
963 2031 1018 2091 est
1047 2027 1071 2093 Ε
1101 2045 1166 2094 nec
1191 2022 1317 2116 quinta
1343 2027 1384 2094 Χ.

214 2182 413 2279 Knightius
440 2179 492 2253 ita
517 2177 690 2278 explicat?

238 2372 467 2440 ΤΑΡΛΕΙΟΙ
494 2370 767 2440 ΑΝΕΘΕΝΤΟ
793 2370 903 2440 ΙΔΙΕΙ
926 2371 1032 2452 Tou
1059 2371 1384 2444 ΚΟΡΙΝΘΟΘΕΝ

765 2537 788 2587 Ι.
808 2541 840 2588 θ.

410 2645 470 2714 Tot
495 2643 646 2738 'Amator
671 2641 832 2716 dvs'tievro
857 2638 918 2744 trita
943 2649 1010 2716 τῶν
1037 2649 1217 2741 Κορινθίων

215 2801 369 2881 Lioeum
395 2830 446 2880 sc.
475 2817 695 2901 postremam
731 2806 844 2880 literae
878 2817 902 2883 Ε
928 2807 1072 2881 incuria
1102 2810 1158 2884 vel
1185 2810 1417 2884 festinatione

212 2937 381 3010 omissam
401 2958 480 3009 esse
497 2946 612 3032 putat,
640 2937 689 3010 ite
711 2947 752 3010 ut
780 2948 802 3011 t=
828 2939 1059 3026 scriberetur,
1079 2939 1177 3034 quod
1202 2937 1257 3010 bis
1273 2931 1416 3012 in‘vase

211 3070 315 3144 fictili
346 3070 493 3168 depicto
526 3071 625 3166 opud
659 3069 699 3144 J.
722 3070 897 3144 Edwards
930 3071 1066 3144 iactum
1102 3073 1293 3147 testatum..
1341 3069 1414 3144 Sed

211 3199 420 3300 hujusmodi
458 3199 680 3298 conjecturis
715 3197 775 3272 vix
814 3200 1004 3300 indulgere
1046 3200 1142 3284 licet,
1187 3198 1254 3271 nisi
1295 3198 1414 3271 locum

210 3328 316 3401 aliter
338 3327 520 3426 explicare
546 3350 722 3422 nequeas.
775 3327 857 3400 Hoc
883 3328 980 3400 enim
1003 3353 1075 3400 non
1103 3339 1158 3399 est
1181 3328 1414 3426 antiquorum

211 3457 385 3556 reliquias
420 3459 592 3543 enodare,
633 3458 697 3530 sed
732 3480 824 3530 nova
859 3456 1014 3530 efficere.
1068 3455 1196 3556 Negat
1230 3458 1325 3529 idem
1352 3456 1416 3538 ‚sir

213 3589 376 3662 eruditus
399 3589 514 3676 α’νέθςν
538 3611 605 3684 pro
627 3585 791 3661 ἀνέθεσαν
814 3609 974 3682 unquam
1005 3611 1084 3660 esse
1111 3587 1281 3684 positum,
1311 3585 1416 3684 cujus

213 3715 417 3812 exemplum
441 3714 472 3787 si
496 3737 624 3788 revera
651 3715 805 3800 deesset,
834 3715 916 3811 quis
940 3726 1061 3788 tamen
1089 3717 1230 3788 de'hec
1256 3739 1416 3814 syncope

205 3847 292 3943 jure
310 3845 476 3918 dubitare
503 3856 629 3941 posset
647 3869 730 3918 cum
757 3845 852 3918 mille
872 3846 951 3919 fere
974 3845 1107 3918 similes
1134 3845 1272 3942 ubique
1289 3846 1416 3944 legan-

100 3971 108 3980 '
213 3984 281 4048 tur.
334 3973 429 4046 Cum
463 3972 587 4046 Graeci
619 3977 712 4047 τίθεν
721 3975 749 4062 ⁸,
783 3975 866 4062 ted,
902 3973 1075 4073 ἐφόβηθεν
1086 3973 1109 4060 ⁵,
1144 3973 1199 4046 vei
1234 3974 1263 4044 si
1296 3971 1417 4074 paullo

256 4253 363 4332 ¹Eph.
379 4255 474 4316 Class.
489 4257 515 4316 1.
530 4261 601 4316 328.
720 4283 725 4292 ·
857 4257 893 4291 '⁴
916 4257 1005 4316 Hom.
1036 4253 1118 4313 iliad.
1154 4255 1199 4314 M.
1234 4259 1283 4313 83.
1337 4254 1417 4312 Pind.

254 4353 651 4432 'Proleg.adHom.curr.
672 4373 701 4430 p.
718 4359 766 4413 80.
843 4352 947 4413 isthm.
969 4352 994 4410 l.
1024 4355 1074 4410 34.

254 4447 266 4532 f
286 4449 402 4514 Pinder.
418 4451 496 4529 Pyth
510 4451 567 4512 111.
585 4455 652 4510 114.
881 4445 893 4478 ⁸
915 4447 1003 4506 Hom.
1017 4445 1053 4506 11.
1069 4445 1113 4504 M.
1127 4449 1197 4510 470.
