3196 5100
771 385 846 460 246
1160 393 1309 476 [Cunss.
1331 391 1398 459 lli.

196 585 260 660 3¹2,
296 581 360 643 33.
397 583 458 642 21.
489 579 527 643 et
557 571 660 665 quod
688 569 726 640 in
762 569 916 666 singuiis
955 565 1040 639 mihi
1084 565 1226 663 uiiquot
1259 567 1397 640 dunin-

196 703 315 776 tionec
339 701 505 774 subnntoe
533 709 628 774 sunt.
682 701 877 775 Stasimvs.
898 699 934 774 6.
955 702 1120 798 tnapud
1149 701 1394 776 Chandlerum

196 829 348 906 nimium
399 841 563 927 apertum
609 841 662 904 est
678 857 689 918 ;
730 829 845 928 igitur
882 855 935 905 vs.
981 845 1001 905 5
1048 831 1162 909 debet
1207 831 1398 906 duodecim

197 961 335 1038 habere
358 963 507 1052 litteras,
533 973 570 1037 et
592 956 825 1037 scribendum
853 973 909 1036 est

518 1139 553 1200 5.
581 1131 970 1224 Antoninum
997 1126 1066 1224 nic
1087 1130 1148 1220 Β.)

518 1253 554 1330 6.
584 1263 709 1351 mint,
732 1257 801 1331 &n
943 1329 945 1334 .

195 1417 241 1490 ln
276 1427 433 1501 ταμιασιν
466 1425 534 1491 τῶν
566 1424 716 1491 τελετῶν
745 1417 822 1514 ipse
858 1414 1103 1490 difficultatem
1138 1414 1307 1504 sensisti;
1335 1426 1393 1488 tua

194 1543 310 1641 ipsius
336 1545 445 1618 lectio
472 1543 572 1618 ducit
598 1545 846 1631 aditomnium.
901 1544 1065 1620 Ξειιιιιίι
1086 1544 1288 1623 finenem
1308 1547 1391 1618 duc-

193 1672 301 1756 tibus,
341 1673 403 1770 qui
440 1671 478 1745 in
523 1685 587 1746 tuo
621 1675 833 1772 apographo
873 1685 970 1760 sunt,
1005 1675 1187 1761 omnibus,
1227 1673 1391 1773 conjicio,

196 1807 387 1881 duodecim
416 1808 522 1881 illatis
547 1807 751 1880 elementis.
821 1871 825 1878 .

569 1969 604 2042 9.
631 1959 1020 2050 ve)015mnnt(oe

546 2097 603 2158 10.
630 2087 1049 2174 omontutownu

552 2226 609 2287 ιι.
640 2224 856 2312 εΝ)ΑιοΝ.

270 2379 333 2452 Vs.
368 2377 429 2452 26.
465 2378 531 2453 tibi
570 2381 678 2476 plane
707 2381 898 2464 assentior,
926 2388 964 2450 et
999 2379 1080 2474 ipsc
1113 2378 1150 2448 in
1182 2386 1280 2448 tuem
1315 2400 1390 2450 sen-

193 2508 342 2582 tentium
373 2505 572 2578 incideram
600 2506 772 2592 interim
802 2530 915 2578 unum
946 2518 1067 2579 temen
1102 2516 1157 2578 est
1184 2505 1231 2578 de
1259 2516 1390 2603 quote

193 2635 370 2708 monitum
406 2633 526 2706 veiim.
580 2634 652 2706 Vix
676 2659 807 2732 nempe
837 2660 883 2710 ex
915 2659 983 2707 usu
1012 2635 1189 2707 sermonis
1221 2644 1388 2707 contextu

194 2765 283 2838 licet
311 2763 480 2836 omittere
507 2761 547 2838 ἄν
574 2767 672 2862 quod
704 2765 854 2863 insuper
881 2767 979 2839 clere
1009 2776 1171 2864 appetet.
1227 2759 1391 2836 Scriben-

196 2896 281 2966 dum
313 2902 367 2964 eet
399 2893 476 2966 ὅσαι
503 2889 543 2966 ἄν
574 2901 722 2992 χρῶνται
750 2907 788 2968 et
818 2893 939 2968 versui
974 2891 1032 2966 26.
1060 2905 1146 2968 sunt
1168 2892 1296 2966 litterae
1322 2904 1391 2965 tre·

194 3026 310 3101 decim
333 3023 537 3100 tribuendae
566 3027 783 3099 necessario.
837 3032 915 3101 Τοῖι
941 3021 1028 3100 titan
1054 3047 1121 3096 cur
1143 3024 1224 3096 ioco
1251 3045 1390 3097 movens

193 3154 302 3251 plene
330 3176 402 3225 non
430 3152 548 3225 video.
600 3153 888 3227 Atheniensibus
917 3153 952 3224 in
984 3149 1064 3224 eliis
1093 3149 1299 3224 civitatibus
1331 3149 1389 3222 de-

192 3280 364 3384 gentibus
396 3279 553 3354 inducioe
582 3293 700 3378 pcctae
729 3292 816 3356 sunt
847 3304 914 3376 pro
944 3293 1108 3375 tempore
1135 3277 1219 3352 ἰδίων
1243 3279 1391 3380 μειζόνων

193 3415 377 3510 μυστηρίων
409 3411 445 3482 h.
482 3434 515 3482 e.
557 3410 772 3484 Atticorum.
835 3409 1009 3484 Ceterum
1053 3409 1190 3483 alienes
1231 3408 1390 3486 civitates

193 3539 269 3612 ὅσαι
295 3533 448 3634 ἐχρῶντο
473 3543 523 3628 τῷ
549 3538 624 3630 ἱερῷ
651 3533 844 3609 verisimile
880 3546 935 3607 cst
957 3533 1085 3608 codem
1110 3547 1274 3633 tempore
1300 3538 1391 3613 cele-

194 3671 320 3742 brasse
370 3666 541 3762 mysteria
554 3693 565 3752 3
604 3668 759 3765 ideoque
800 3665 865 3738 tibi
911 3691 1057 3765 nequeo
1104 3669 1138 3740 id
1181 3671 1390 3756 concedere,

197 3796 295 3896 quod
324 3790 609 3865 Anthesterione
636 3793 788 3864 fortusse
812 3791 848 3865 in
877 3789 955 3864 eliis
977 3791 1183 3867 civitatibus
1214 3794 1392 3869 celebrate

149 4005 153 4014 ,
195 3919 377 4022 Mysten-iu
398 3930 513 4016 putes.
542 3908 716 3995 Attnmen
742 3946 781 3994 re
798 3922 1003 3995 accuratius
1021 3923 1213 4019 pensitam,
1241 3925 1391 3996 mediam

196 4053 377 4158 quendam
422 4051 515 4124 viem
565 4053 672 4125 video
718 4051 827 4125 unice
868 4076 987 4126 veram
1034 4076 1125 4141 esse,
1161 4067 1199 4127 et
1238 4031 1422 4151 primum¹

198 4181 343 4282 quidem
378 4206 463 4256 vere
499 4194 535 4255 te
571 4182 750 4255 indicasse
793 4185 956 4257 concedo
989 4185 1087 4280 quod
1122 4184 1168 4255 de
1202 4179 1393 4257 Eleusiniis

198 4310 427 4410 cogitaveris,
455 4307 588 4386 deinde
621 4335 709 4384 vero
740 4338 796 4384 me
829 4337 897 4386 nec
926 4311 1035 4410 plene
1062 4314 1248 4385 aberrasse
1277 4311 1393 4386 sentio

194 4442 260 4539 qui
306 4444 351 4515 de
394 4444 557 4538 pluribus
596 4441 695 4522 fenis
744 4443 988 4544 cogitaverint.
1041 4445 1116 4518 Res
1158 4457 1283 4542 apertu
1327 4455 1379 4519 est
