3158 5104
148 401 278 470 Inscn.
299 392 375 474 vt]
561 349 565 358 l
715 401 783 482 127

146 573 270 672 lupsus
290 580 356 656 est,
380 568 592 668 ubicunque
618 571 745 646 incidit
768 573 1036 662 Ἐλληνστομίων
1057 575 1179 674 aliquo
1200 581 1349 657 mentio,

148 701 208 774 De
235 696 695 777 Hellenotumiisbreriter
728 699 934 788 dicendum,
970 725 1052 776 cum
1080 703 1349 805 Lexicogmphi

148 829 272 906 Graeci
290 838 424 926 praeter
439 828 662 927 Hesychium
681 842 744 906 sut
759 832 847 904 nihil
862 833 907 904 ud
923 857 998 906 rem
1016 845 1081 908 eut
1098 836 1186 910 falsa
1202 841 1352 913 omnino

148 963 195 1034 de
217 960 278 1033 illo
302 959 513 1058 magistratu
536 960 756 1058 scripserint.
809 963 899 1040 Post
922 987 979 1038 res
1004 965 1184 1059 Persicus,
1205 969 1352 1042 utentis

148 1103 310 1190 notum„
333 1092 558 1188 respublicae,
583 1079 731 1167 Graecae'
763 1095 933 1182 minores,
975 1099 1174 1192 praesertim
1191 1150 1195 1162 ·
1211 1100 1351 1191 insulse,

149 1255 265 1307 naves
288 1232 566 1328 suppeditavere
587 1245 625 1306 et
642 1232 788 1330 aliquod
806 1235 973 1330 pecunioe
989 1237 1184 1332 quotannis
1202 1239 1352 1329 solvere,

150 1366 250 1466 quod
276 1362 413 1437 scilicet
440 1362 477 1434 in
506 1376 645 1460 partem
674 1365 914 1460 impensarum
944 1365 1028 1438 belli
1059 1376 1187 1479 eontra
1222 1367 1352 1442 Perses

150 1497 309 1595 suscepti
343 1497 495 1574 veniret.
560 1497 654 1572 Haec
691 1499 848 1594 pecunia
887 1501 1043 1594 primum
1060 1543 1064 1552 ·
1082 1499 1120 1572 in
1160 1501 1353 1598 Apolliniis

151 1628 251 1704 Delii
286 1625 421 1721 templo
462 1636 602 1698 servata
641 1635 767 1722 postea
800 1627 846 1698 ud
882 1625 1046 1700 Athenas
1078 1627 1248 1702 translato
1284 1637 1361 1702 est„

152 1763 226 1856 Qui
259 1775 380 1838 temen
411 1761 601 1861 pecuniam
634 1762 829 1850 contulere,
862 1761 1036 1848 ἀυτονόμοι
1066 1763 1170 1837 initio
1199 1763 1324 1838 erent!
1336 1793 1348 1852 ;

150 1917 220 1970 nec
239 1893 326 1978 sine,
346 1915 480 1966 eorum·
499 1917 679 1968 consensu
701 1893 877 1989 quicquid
896 1905 1028 1968 ectum.
1081 1894 1204 1985 Quum
1229 1908 1363 1971 autem·

151 2035 297 2123 posteo·
314 2022 383 2120 ipsi
413 2021 571 2096 militiam
607 2024 863 2109 detrectarent,
899 2045 1011 2095 nares
1038 2055 1126 2100 κενας
1154 2025 1350 2112 mitterent,

151 2158 344 2256 pecuniam
372 2181 437 2254 pro
470 2155 691 2244 hominibus,
727 2177 818 2251 quos
852 2155 993 2229 mittere
1023 2155 1197 2245 debuere,
1236 2158 1363 2255 accipi·
1424 2127 1428 2141 Ι

153 2285 311 2372 vellent,
327 2296 391 2360 sut
412 2288 540 2383 (quum
568 2284 761 2380 pecuniam
787 2283 949 2379 pendere
977 2293 1042 2356 aut
1067 2284 1263 2382 nequirent
1288 2296 1353 2360 out

156 2417 305 2512 nollent)
336 2418 599 2493 fedemtionem
633 2420 800 2492 decerem
839 2427 1038 2514 cuperent,
1058 2415 1118 2488 ulii
1153 2420 1364 2514 post-ulios-

154 2548 388 2638 inditionem
414 2547 688 2623 Atheniensium
709 2546 845 2621 redacti
871 2558 967 2621 sunt.
1019 2547 1155 2622 Omnes
1177 2549 1365 2624 tributum-

152 2681 315 2778 pendere
333 2679 459 2766 coacti,
485 2678 583 2775 quod
601 2676 846 2760 Athenienses
860 2677 939 2776 jem
955 2701 1022 2773 pro
1044 2677 1197 2752 ducibus
1216 2679 1365 2754 domini·

153 2811 237 2885 facti
262 2813 301 2885 iu
328 2833 411 2887 suus
438 2833 524 2883 usus
552 2806 748 2882 transferre
773 2833 795 2878 a
819 2803 985 2879 Pericle²
1006 2807 1126 2880 edocti
1154 2819 1251 2896 sunt,
1278 2832 1353 2906 quo

153 2961 303 3024 auctore
336 2949 404 3021 hec
436 2945 592 3043 pecunia
626 2945 680 3019 usi
716 2954 802 3017 sunt
832 2943 880 3016 ud
908 2941 1035 3014 urbem
1066 2941 1248 3038 preclaris
1267 2941 1366 3014 illis·

153 3087 324 3188 operibus
350 3086 546 3172 ornandum
575 3108 659 3183 quse
685 3107 752 3158 nos
779 3081 887 3156 etium
915 3079 1079 3152 hodierni
1108 3080 1290 3171 miramur,
1317 3092 1355 3157 ct

153 3221 326 3320 quamdiu
349 3219 541 3306 durabunt,
571 3217 678 3292 soecla
699 3214 882 3292 venientia
904 3212 1142 3286 mirabuntur.
1194 3213 1354 3289 Talentu

154 3349 421 3450 quadringente
448 3373 529 3422 cum
552 3347 742 3448 sexaginte
768 3344 916 3432 initio⁸;
941 3351 1068 3439 postes
1090 3345 1352 3445 sexingente⁴3
1381 3363 1385 3370 “

153 3482 327 3578 denique.
349 3479 562 3576 (Alcibiadis
596 3481 764 3574 consilio)
810 3479 1037 3552 milliacum
1070 3480 1260 3555 ducentis⁵
1300 3482 1355 3556 vel

152 3615 325 3689 trecentis
337 3614 365 3703 ⁶,
396 3614 501 3688 sociis
529 3615 753 3714 impemvere
779 3609 1047 3686 Athenienses.
1078 3611 1362 3698 -Ἐλληνοταμὶαι’

154 3755 290 3831 utilem,
329 3755 387 3817 ut,
404 3767 488 3818 vere
521 3743 740 3844 Hesychius,
778 3751 855 3817 τοῦ.
873 3741 1085 3841 κομιζομένου
1121 3745 1229 3844 φόρον
1262 3748 1367 3844 tropei·

104 3921 108 3929 ·
154 3878 324 3967 Ἀθηναίοις
346 3883 461 3965 ταμίαι
474 3889 606 3952 ‚erunt
642 3875 776 3952 Caeteri
795 3873 1066 3974 [lexicographi
1084 3885 1148 3948 uut
1170 3886 1247 3950 toto
1263 3879 1354 3954 caelo

154 4011 327 4086 aberrant
342 4021 406 4084 uut
420 4007 508 4083 nihil
523 4009 713 4107 explicent.
754 4007 884 4083 Pollux
901 4005 1352 4103 quidem²‘um2nmptm

199 4237 209 4270 ¹
228 4233 359 4310 Thucyd.
375 4232 464 4299 1.57.
819 4234 831 4268 ⁴
851 4229 1032 4306 Thucydll.
1046 4237 1092 4293 13.
1115 4231 1191 4293 Plut.
1204 4233 1292 4292 Arist.
1304 4238 1354 4292 24.

196 4329 209 4362 ²
233 4326 348 4387 Diodor.
360 4327 428 4386 xli.
440 4331 489 4384 38.
520 4323 594 4382 Plut.
608 4323 732 4386 Penii.
820 4325 832 4358 ⁵
852 4323 1196 4385 Andoc.c.Alcib.116.

199 4421 364 4501 ³Thucyd.
378 4422 403 4482 1.
415 4419 466 4492 96.
497 4419 572 4479 Plut.
586 4420 730 4494 Aristopb.
822 4415 834 4450 ⁶
856 4416 1000 4476 Pluterch.
1015 4419 1162 4494 Aristoph.
1177 4424 1226 4476 24.
1252 4469 1254 4477 i

159 4519 211 4578 et.
822 4515 834 4552 ⁷
856 4509 927 4570 Poll.
942 4511 1029 4572 Vlll.
1048 4517 1094 4569 14.
