3222 5104
247 383 321 442 384
693 387 941 436 serenum.

249 569 423 641 computes,
447 554 563 618 ablatas
582 575 650 616 ease
673 565 791 614 tantum
817 549 919 612 literas
936 562 1007 612 tres.
1059 547 1234 617 Quacum
1261 545 1302 608 ita
1318 543 1387 614 sint,

247 678 306 718 vox
331 652 432 716 lacera
449 649 625 715 necessario
647 667 713 712 crat
737 671 775 710 ex
805 646 958 733 adjectivo
978 648 1260 707 ΑΝΤΙΡΡΟΠΟΣ.
1314 641 1385 704 Ηοι

248 750 290 814 ita
305 749 471 822 vindicato,
501 749 603 811 videre
619 747 706 821 licet,
731 767 794 830 qno
812 758 917 826 vergat
943 741 1104 819 sententia,
1124 741 1216 825 cujus
1236 739 1389 823 particulae

245 845 280 911 in
314 870 464 910 marmore
491 848 616 908 herent.
667 837 797 906 'Ps‘rrsrr
823 844 862 904 de
888 841 1002 903 trutina
1026 838 1149 914 dicitur,
1179 839 1271 922 cujus
1299 835 1392 898 altera

248 947 319 1008 lanx
339 945 477 1029 pondere
501 955 625 1027 gravata
648 939 817 1013 descendit,
845 929 1041 1025 Ἰσόρῥοπον
1064 938 1103 998 de
1129 935 1280 1018 pondere,
1310 935 1390 1016 qnod

248 1035 392 1106 lances
377 1066 411 1104 εν
435 1037 499 1125 lap
518 1061 682 1123 snspensas
706 1050 801 1110 tenet,
827 1036 890 1098 sive
909 1038 948 1097 de
967 1031 1151 1118 aequilibrio,
1179 1023 1354 1114 deniqne
1329 1055 1389 1092 nr-

248 1133 409 1228 τίῥροπον
425 1141 464 1201 de
480 1137 578 1208 omni,
609 1133 718 1221 quod
711 1156 741 1196 ιιι
764 1131 913 1198 lancem
904 1132 1052 1217 injicitur,
1086 1143 1120 1192 ut
1137 1129 1265 1192 alteram
1284 1129 1385 1201 ducat,

249 1249 348 1300 etusu
367 1235 580 1318 metaphorica
594 1256 645 1316 ap.
665 1231 818 1316 Sophocl.
838 1230 953 1293 Electr.
973 1237 1048 1299 119.

162 1399 164 1406 .
275 1345 389 1426 Modra
405 1342 474 1436 ’γὰρ
489 1337 589 1434 ἄγειν
604 1338 718 1410 οὐκέτι
731 1343 825 1409 σωκῶ
840 1342 946 1420 λνιιῆι
961 1335 1054 1405 α’ντὶ
1064 1341 1139 1433 ρρο
1147 1367 1218 1404 πον
1234 1330 1350 1428 ὄχθος.

248 1473 388 1559 Neque
381 1496 412 1537 ιιι
429 1471 529 1537 verbis
546 1469 735 1535 inveniendis
754 1469 806 1533 diu
823 1469 1006 1534 errabimus.
1061 1469 1145 1532 Nam
1164 1467 1246 1532 filios
1265 1467 1389 1532 Atheni

252 1571 384 1644 ensium,
414 1571 467 1656 qui
494 1581 787 1640 commemorantur,
816 1580 849 1630 et
870 1567 987 1631 animas
1005 1589 1112 1630 eorum
1138 1565 1260 1630 νοΙιιι
1253 1587 1283 1627 ιιι
1301 1565 1393 1628 altera

252 1667 373 1732 trutinae
399 1668 500 1743 lance,
525 1661 659 1772 deniqne
688 1687 798 1728 vocem
815 1657 933 1753 ‹ipss-ri,
961 1687 1029 1748 quae
1058 1677 1203 1748 tanquam
1227 1651 1367 1727 ἆθλον
1359 1686 1388 1725 ιιι

253 1761 393 1871 sequenti
411 1784 499 1824 versu
517 1763 604 1834 inest.
632 1763 657 1822 si
680 1760 759 1823 inter
782 1785 814 1824 se
840 1764 990 1836 conferas,
1011 1759 1137 1844 patebit,
1166 1785 1237 1846 qnae
1254 1760 1304 1824 hic
1322 1783 1391 1824 sen·

254 1859 348 1924 tentia
365 1871 513 1941 emergat.
567 1855 740 1941 Nempe
709 1881 789 1922 viros
803 1857 873 1923 illos
889 1859 955 1922 vita
973 1859 1107 1938 tradito,
1129 1859 1304 1943 proposita,
1329 1858 1391 1920 sir-

255 1958 331 2022 tutis
347 1955 483 2042 gloriam
499 1976 636 2040 parasse,
660 1979 715 2018 seu
740 1957 808 2020 υιίο
832 1957 977 2020 virtutem
1007 1956 1175 2020 redemisse.
1228 1954 1303 2021 lam
1331 1977 1393 2017 rue·

257 2053 381 2118 mineris
400 2051 564 2117 Homerici
581 2045 695 2142 Ῠνχοῖς
708 2050 904 2143 παρθέμενοι
928 2053 1003 2118 dicti
1028 2057 1066 2117 de
1084 2052 1130 2128 iis,
1159 2052 1212 2138 qni
1236 2077 1309 2118 cum
1330 2051 1392 2114 vita

257 2177 321 2217 sure
345 2150 485 2235 periculo
511 2148 626 2235 aliquid
642 2150 826 2235 suscipiunt,
854 2167 886 2214 et
903 2176 1023 2216 versum
1049 2151 1201 2234 integrum
1227 2151 1394 2215 constitues

258 2251 392 2333 legendo

520 2354 686 2411 ΦΣΥΧΑΣ
712 2353 978 2412 ΔΑΝΤΙΡΡΟΠΑ
1008 2355 1148 2412 OENTO

261 2505 316 2545 sen
340 2479 443 2566 potius
467 2486 642 2555 esNTnz,
672 2479 797 2544 namin
820 2503 886 2566 seq.
913 2503 1018 2544 versus
1041 2479 1128 2545 initio
1156 2479 1225 2543 finis
1252 2477 1398 2562 temporis

260 2578 363 2642 coristi
377 2582 520 2641 ΣΑΝΤΟ
536 2575 662 2655 eminet,
676 2577 729 2663 qui
747 2577 844 2658 verbi,
863 2581 946 2662 quod
964 2576 1149 2658 invenimus,
1181 2600 1242 2640 non
1259 2574 1400 2640 nisiPar·

262 2673 403 2756 ticipium
421 2673 570 2757 praegredi
592 2674 715 2757 patitur.
769 2673 873 2760 Hujus
900 2689 1003 2738 autem
1026 2681 1169 2740 ΣΑΝΤΟ
1193 2673 1287 2738 etiam
1307 2674 1402 2758 prima

251 2771 349 2835 'litera
376 2768 507 2834 discerni
537 2785 651 2854 potest.
705 2773 848 2855 Apparet
872 2772 955 2835 enim
981 2771 1123 2856 superior
1151 2795 1223 2856 pars
1251 2771 1347 2836 literae
1371 2776 1404 2849 E,

263 2866 336 2932 hinc
356 2873 398 2932 E.
415 2912 423 2930 .
439 2874 629 2941 ..ΣΑΝΤο,
652 2883 803 2953 apparent
818 2885 965 2952 praeterea
982 2885 1053 2934 ante
1070 2877 1096 2932 Σ
1110 2869 1216 2954 apices
1233 2870 1308 2950 dno,
1325 2891 1401 2956 qno·

146 2963 157 2982 ⁸
263 2989 331 3030 rum
344 2964 433 3029 lineae
449 2965 491 3028 ita
514 2963 638 3028 directas
660 2981 742 3039 sunt,
767 2983 800 3030 ut
817 2967 842 3030 si
860 2967 963 3030 literas
979 2975 1038 3031 AX
1056 2967 1209 3050 applices,
1227 2966 1284 3030 toti
1301 2971 1341 3032 ab
1358 2967 1401 3030 his

264 3065 459 3147 obtegantur.
513 3060 588 3126 Erui
603 3061 694 3144 igitur
710 3085 748 3126 ex
766 3063 836 3148 ipso
851 3087 1004 3128 marmore
1016 3069 1121 3149 potest
1137 3071 1181 3128 E.
1199 3109 1208 3127 .
1224 3071 1401 3131 ΑΧΣΑΝΤ.

265 3159 338 3225 Jam
361 3183 431 3225 vox'
446 3183 552 3223 versus
571 3169 621 3222 ll.
651 3183 745 3242 snpra
771 3165 913 3226 lacunam
934 3162 1036 3245 posita
1057 3165 1151 3226 docet
1179 3163 1335 3228 addendas
1359 3163 1403 3226 in·

268 3281 362 3344 super
383 3259 460 3321 duas
483 3281 552 3320 esse
580 3257 691 3320 literas.
744 3257 829 3322 Hinc
858 3258 1013 3323 edideram
1035 3265 1300 3334 ΕΠΡΑΧΣΑΝΤ,
1328 3263 1404 3324 mele

267 3355 406 3420 omnino.
455 3352 538 3418 Nam
557 3351 769 3442 πράσσεσθαί
784 3349 908 3446 ἀρετὴν
925 3371 1006 3421 esset
1021 3360 1141 3444 erigere
1157 3358 1310 3431 virtutem,
1341 3375 1405 3422 tan·

254 3476 361 3538 *quam
377 3475 440 3516 rem
451 3451 603 3516 debitam.
640 3493 641 3496 =
658 3452 732 3517 Hoc
750 3453 830 3516 enim
850 3477 942 3517 sensu
959 3453 1174 3544 πράσσεσθαι
1189 3447 1405 3546 riperrlsapud

267 3574 390 3635 prosas
399 3549 566 3634 scriptores
591 3548 715 3630 dicitur,
747 3566 779 3615 et
810 3574 881 3615 vero
910 3553 1002 3617 etiam
1030 3556 1113 3638 apud
1144 3556 1265 3638 po'e'tas.
1319 3554 1406 3619 Pind.

258 3646 703 3732 ,Olymp.x1.(x).(29(.84)

394 3759 511 3852 Πόφνε
528 3749 553 3824 d
572 3752 779 3850 Εὔρυτον,
755 3789 799 3827 ως
817 3762 980 3850 Ανγέον
998 3765 1138 3856 λα’τριον

391 3851 548 3924 ἀέκονθ’
532 3854 767 3938 extirpandis
793 3855 988 3952 νπέρβιον
1013 3863 1261 3954 Πρᾶσσοιτο

258 3989 388 4053 'Verum
405 3988 480 4074 qnid
493 3988 541 4062 sit,
566 3990 683 4074 primus
700 3990 774 4057 vidit
791 3991 953 4078 Adolpltns
966 3991 1137 4081 Longe,
1111 4018 1154 4058 vn
1171 4018 1260 4081 aeque
1273 3993 1410 4058 doctrina

259 4087 309 4150 'ac
334 4085 457 4172 judicio
487 4089 619 4172 pollens,
653 4112 767 4174 nempe
799 4097 1083 4157 Ε...ΑΧΣΑΝΤ
1112 4093 1321 4178 supplendum
1346 4112 1411 4156 esse

259 4189 521 4249 'ELLAXEANT
541 4200 575 4249 nt
597 4187 636 4250 sit
662 4179 857 4272 ἠλλάξαντο
881 4194 921 4254 ah
939 4181 1168 4270 ἀλλάσσομαι,
1190 4213 1259 4277 qnae
1288 4211 1347 4254 vox
1373 4191 1411 4252 de

260 4282 365 4346 'rebus
382 4282 594 4367 permutandis
613 4309 671 4349 usn
695 4288 760 4351 fere
780 4285 910 4352 solemni
925 4288 1097 4353 adhibetur.
1151 4287 1188 4354 In
1212 4288 1295 4352 idem
1313 4284 1412 4350 statim

260 4375 381 4446 ‘incidit
409 4379 595 4464 Schaierus,
628 4405 701 4450 cunr
732 4385 761 4450 ei
789 4387 1003 4472 apographum
1034 4385 1184 4472 epitaphii
1209 4387 1413 4450 ostenderem.
