3204 5104
573 1001 724 1085 Carss.
752 1003 790 1084 I.
845 1001 999 1084 Inscn.
1026 1001 1159 1084 VIII.

710 1274 802 1353 nnn.
819 1274 873 1333 1v.
910 1274 983 1332 ns.
998 1273 1022 1329 1.

790 1502 940 1540 -0—

267 1711 376 1780 Inedit.
425 1711 478 1778 cf.
508 1713 633 1778 Clarae.
657 1712 863 1797 Description
891 1715 945 1778 des
963 1712 1117 1800 Antiqnes
1141 1715 1183 1777 du
1211 1711 1326 1778 Musae
1345 1715 1458 1800 Royal.

314 1851 346 1912 p.
357 1835 434 1892 241.
450 1830 515 1906 (ed.
531 1828 641 1902 1820.)
658 1826 798 1892 Dubois.
837 1827 1010 1914 catalogue
1020 1826 1230 1914 d’Aatiquites
1246 1832 1284 1894 de
1297 1831 1350 1896 Μ.
1363 1830 1461 1900 Choi-

315 1941 382 2008 seul
400 1941 559 2013 Gouffier.
579 1967 613 2028 p.
627 1951 679 2009 38.

276 2223 286 2252 ·
339 2113 537 2205 Manuos
558 2155 580 2204 e
606 2154 680 2228 quo
697 2133 776 2204 haec
802 2133 913 2206 verba
937 2133 1121 2229 exscripsi,
1141 2134 1178 2208 in
1199 2136 1317 2208 insula
1335 2137 1461 2210 Samo-

265 2267 389 2339 thrace
416 2263 567 2360 triginta
597 2261 731 2337 abhinc
757 2262 861 2334 annis
891 2285 914 2334 a
944 2262 1154 2336 Choiseulio
1179 2276 1360 2360 repertum
1392 2279 1460 2356 est,

265 2399 329 2472 sed
361 2393 502 2468 Guasae
542 2393 676 2466 dudum
708 2392 884 2476 relictum,
925 2416 947 2463 a
993 2391 1183 2479 Duhoisio,
1214 2417 1313 2468 anno
1351 2394 1460 2485 1⁸16,

264 2529 420 2605 Galliam
454 2531 642 2604 devectum
678 2538 743 2602 est.
797 2529 916 2602 Hodie
950 2527 988 2600 in
1025 2529 1159 2603 Museo
1194 2529 1314 2630 Regio
1350 2541 1459 2606 extat.

263 2661 308 2736 ln
332 2685 377 2736 eo
394 2657 618 2759 effinguntur
635 2661 901 2758 Agamemnon,
919 2659 1140 2758 Talthybius
1169 2671 1218 2748 et,
1244 2669 1284 2734 ut
1306 2661 1459 2747 videtur,

263 2789 398 2886 Epeus,
429 2787 575 2860 nomine
593 2787 726 2883 cuique
744 2788 924 2885 imposito.
960 2789 1063 2885 Opus
1088 2789 1240 2885 simplex
1262 2799 1370 2862 estet
1396 2791 1460 2862 ad·

264 2921 407 2992 modum
426 2927 616 2992 vetustum.
670 2918 817 3017 Figurae
834 2942 879 2992 ex
897 2943 942 2994 eo
958 2941 1098 3016 genere
1113 2929 1197 2991 sunt
1214 2941 1295 3016 quae
1312 2919 1348 2988 in
1366 2918 1460 2992 vasis

262 3049 488 3148 perantiquis
505 3048 615 3146 vulgo
631 3048 914 3145 conspiciuntur.
959 3047 1159 3123 Duhoisius
1176 3056 1216 3119 et
1234 3047 1330 3146 (ejus
1345 3048 1459 3122 verba

262 3179 339 3255 fere
353 3175 577 3271 exscribens)
596 3177 727 3252 Comes
742 3179 788 3251 de
805 3179 934 3251 Clarae
951 3178 988 3250 in
1007 3176 1292 3274 Agamemnonis
1310 3176 1458 3250 nomine

262 3318 499 3381 ooccnrrere
517 3307 665 3395 dicunt;
703 3306 788 3380 mihi
806 3316 941 3394 autem,
968 3317 1009 3378 ut
1026 3316 1064 3378 et
1081 3304 1159 3379 viro
1181 3304 1456 3402 perspicassimo

262 3438 420 3512 'Ihomae
447 3435 567 3511 Smart
594 3437 759 3537 Hughes,
786 3446 818 3511 0
845 3438 882 3510 in
913 3461 957 3510 eo
984 3437 1066 3510 loco
1092 3435 1231 3536 liquido
1255 3445 1377 3510 extare
1404 3435 1455 3510 vi·

262 3569 376 3642 detur.
