3218 5116
207 431 334 499 lusos.
360 429 452 510 vin]

499 984 652 1068 Crass.
679 985 772 1068 III.
825 987 1109 1075 Issen.v11-.

347 1227 613 1306 mianton
654 1229 1168 1310 CHOISEULIANUM
1212 1239 1260 1311 11.

1176 1407 1196 1444 ἢ

714 1463 807 1524 ΤΑΒ.
828 1465 900 1525 ΧΧ.

739 1683 874 1736 ψ
978 1643 981 1648 ,

280 1886 475 1974 Fnonrnsr
535 1902 722 1976 marmoris
772 1902 1022 1977 Choiseuliani
1073 1903 1263 2002 exscripsit
1315 1906 1404 1981 Bar·

206 2029 426 2120 thelemius3
449 2042 593 2130 tergum
621 2056 769 2132 quoque
793 2035 977 2132 sculptum
1007 2058 1087 2108 esse
1120 2035 1218 2108 haud
1244 2037 1406 2113 animad-

205 2173 373 2238 verterat.
425 2164 470 2237 In
489 2173 595 2264 tergo
612 2176 732 2240 autern
757 2168 839 2242 dure
857 2180 943 2241 sunt
960 2167 1224 2264 inscriptiones,
1250 2196 1402 2269 quarum

205 2293 416 2369 inferiorern
454 2317 553 2368 nunc
582 2319 665 2369 curn
690 2283 1089 2388 'doctiscommunico
1123 2322 1205 2372 curn
1240 2273 1401 2401 ejusdem

206 2450 320 2524 prope
335 2429 451 2502 aetatis
468 2427 515 2502 sit
537 2452 582 2502 ac
603 2428 665 2502 ilia
689 2453 773 2527 qnae
798 2429 910 2506 t'ronti
934 2428 1122 2503 marmoris
1139 2431 1328 2507 commissa
1346 2410 1403 2510 sit.

202 2558 344 2634 Eadem
356 2582 503 2662 quoque
519 2559 708 2659 utriusque
724 2561 902 2647 materies,
920 2560 988 2634 nisi
1003 2563 1100 2658 quod
1115 2560 1154 2634 in
1167 2561 1234 2636 hac
1248 2562 1401 2665 inscrip-

203 2695 306 2771 tione
336 2720 381 2771 ca
410 2707 550 2772 tanturn
585 2698 790 2786 tradantur,
824 2721 908 2797 quse
935 2695 1045 2768 unius
1075 2695 1217 2790 Tribus
1250 2699 1401 2799 (Erech-

202 2825 345 2900 theidos
367 2826 435 2900 sub
453 2824 608 2924 imperio
630 2826 842 2899 factasunt.
895 2823 968 2896 Sed
989 2825 1112 2897 ornnin
1128 2828 1400 2908 accuratissime

201 2929 421 3032 scribuntur.
478 2955 568 3031 Non
595 2967 736 3030 tantum
763 2955 949 3055 Prytaniae
976 2957 1065 3043 dies,
1093 2960 1159 3030 sed
1187 2933 1265 3032 dies
1290 2963 1400 3037 ctiam

203 3091 336 3166 mensis
364 3115 520 3192 quocum
543 3091 725 3180 convenit,
752 3100 981 3164 memoratur.
1294 3071 1296 3075 ¹

274 3223 416 3297 'I'ribus
447 3221 637 3296 Erectheis
667 3245 751 3318 quae
777 3244 953 3294 marmore
984 3193 1159 3319 superiori
1193 3249 1289 3301 nona
1322 3243 1401 3305 erat

199 3351 337 3441 ordine,
364 3352 424 3424 hic
449 3351 609 3426 secunda
634 3361 700 3424 est.
750 3348 861 3423 Unde
885 3351 1008 3424 omnia
1033 3376 1117 3449 quae
1144 3354 1189 3426 de
1214 3353 1397 3432 Tribunm

198 3487 326 3560 ordine
359 3495 462 3559 tanta
495 3483 727 3559 vehementia
759 3481 1035 3580 disputaverunt
1067 3483 1264 3560 V.V.D.D.
1292 3490 1398 3562 nauci

203 3640 284 3692 esse
315 3617 400 3690 satis
430 3626 584 3690 constat.
638 3615 739 3687 Ordo
771 3613 930 3688 tribuum
961 3613 1082 3687 forsan
1111 3617 1264 3715 singulis
1292 3620 1397 3691 annis

198 3759 296 3824 sorte
321 3747 625 3825 constituebatur.

273 3881 421 3954 Annam
439 3902 513 3977 qno
526 3879 606 3952 haec
623 3877 793 3952 marmori
802 3879 940 3952 tradita
952 3890 1036 3953 sunt
1050 3880 1299 3955 intercalarem
1316 3908 1397 3959 esse
1519 3906 1523 3914 ·

196 4010 234 4082 in
252 4018 380 4106 aperto
396 4019 464 4083 est.
503 4011 547 4084 ln
566 4032 690 4083 mense
708 4009 805 4082 eninr
820 4009 1131 4083 Hecatombaeone
1149 4035 1171 4083 a
1187 4034 1260 4108 quo
1277 4038 1395 4088 annus

196 4142 474 4217 Atheniensium
498 4141 611 4218 ciuilis
628 4125 885 4218 exordiebatur
899 4143 1049 4244 triginta
1068 4143 1145 4219 dies
1165 4157 1280 4236 erant,
1307 4146 1393 4220 etsi

195 4273 310 4368 prima
334 4272 512 4372 Prytanis
532 4274 682 4374 triginta
706 4286 744 4347 et
765 4284 847 4348 octo
868 4275 945 4348 dies
972 4276 1193 4365 continebat,
1221 4281 1392 4353 secundas

195 4400 381 4503 Prytaniae
397 4405 534 4502 primus
554 4404 631 4479 dies
650 4428 768 4478 nonus
788 4416 884 4478 esset
900 4404 978 4476 dies
997 4405 1130 4479 mensis
1147 4403 1386 4504 Metagsitni-

195 4537 287 4612 onis.
338 4539 440 4640 Ergo
457 4537 746 4640 septendecimus
764 4538 926 4638 ejusdem
945 4535 1128 4635 Prytaniae
1145 4536 1220 4612 dies
1237 4535 1275 4612 in
1292 4535 1388 4612 illius
1482 4569 1484 4576 ’
