3176 5094
575 379 880 432 PROLEGOMEN
892 379 927 429 A.

258 541 323 615 'Ad
342 533 559 638 Ἡρακλείδην
575 538 712 634 κατέχει
731 536 824 612 κόνις
852 533 1013 632 ὅμβριμος
1031 529 1130 608 Atlas

261 675 390 768 εἴρυσαν
405 669 529 755 ἀηθέων
545 667 653 740 ἕλικος
667 667 706 758 ἐξ
720 665 861 758 ἀγέλας.

76 806 83 821 ’
137 907 143 915 1
236 813 311 886 Ubi
335 812 528 884 manifesto
553 812 748 910 legendum
772 811 887 895 ἠϊθέων
907 810 1024 894 ἥλικος.
1079 807 1215 880 Eodem
1240 809 1358 895 modo,

167 945 324 1039 quamvis
343 943 533 1024 Chishullii
553 967 643 1038 opus
659 942 810 1026 viderat,
829 937 1069 1036 Bosphoriam
1089 937 1358 1032 inscriptionem

169 1071 234 1142 hoc
260 1072 366 1142 modo
389 1069 511 1143 edidit.

265 1199 450 1296 Oriprowdrr
478 1201 624 1298 πρύμνης
651 1201 702 1275 τὶς
727 1199 745 1269 ὁ
772 1193 945 1292 δεγητῆρα
974 1206 1097 1266 καλετο

265 1341 352 1417 Ζῆνα
377 1364 599 1427 καταπρωτον
623 1364 774 1404 ωνιστιον
799 1329 986 1404 ἐκπετάσας
1012 1337 1049 1398 et
1073 1336 1210 1421 postea,
1233 1323 1256 1396 Ι.
1277 1335 1312 1395 5.

266 1467 400 1536 Naiadas
421 1459 507 1554 τῷδε
532 1463 650 1552 βαλών
677 1463 812 1555 ψαιστὰ
838 1459 930 1555 παρὰ
955 1465 1004 1550 τῷ
1032 1457 1145 1555 ξοάνῳ.

230 1611 366 1684 Postea
394 1611 618 1682 Muratorius
649 1610 882 1682 Thesaurum
918 1607 1066 1680 Novum
1099 1603 1270 1675 Veterum
1308 1600 1362 1671 in-

171 1737 402 1834 scriptionum
423 1736 639 1830 (Mediolani
658 1763 693 1807 s.
708 1761 745 1808 n.
774 1743 899 1830 1739.)
927 1735 1119 1832 evulgavit,
1148 1733 1251 1830 cujus
1268 1731 1363 1825 Sup-

169 1868 389 1964 plementum
419 1865 531 1938 edidit
553 1867 721 1939 Donatus
753 1866 866 1938 Lucae
893 1845 1112 1951 s.1›.1765.

244 1995 340 2068 Haec
358 1996 479 2067 omnia
511 2019 591 2091 quae
617 1995 809 2068 memoravi
838 2019 962 2090 opera,
988 1996 1114 2066 eodem
1133 1996 1238 2065 modo
1255 2003 1364 2088 atque

172 2126 293 2196 eadem
320 2121 460 2194 ratione
495 2120 698 2218 conscripta
729 2134 823 2194 sunt.
878 2123 1051 2218 Undique
1085 2121 1223 2192 scilicet
1255 2134 1291 2192 et
1318 2123 1364 2191 ab

173 2257 268 2329 omni
285 2267 388 2352 parte
416 2257 680 2328 contrahuntur
702 2255 953 2350 inscriptiones
971 2256 1131 2327 omnium
1151 2235 1385 2350 temporum(
1499 2282 1501 2288 ¹

174 2408 253 2458 cum
289 2384 432 2456 Graecae
466 2395 541 2455 tum
580 2383 734 2470 Latinae,
767 2407 837 2456 nec
869 2385 1000 2455 desunt
1023 2385 1187 2478 quaedam
1223 2351 1376 2480 quoque‘

175 2513 350 2587 Etruscas.
392 2513 646 2609 Disponuntur
671 2537 715 2584 eo
737 2514 864 2586 ordine
888 2524 940 2600 ut,
979 2513 1234 2615 Chronologiae
1270 2517 1368 2589 nulla

174 2649 312 2719 ratione
340 2648 510 2731 adhibita,
538 2647 651 2742 prima
688 2647 822 2718 Classis
847 2672 972 2721 omnes
1004 2649 1256 2746 inscriptiones
1286 2674 1368 2748 quae

174 2781 217 2850 ad
270 2779 372 2851 Deos
422 2779 629 2874 pertineant
674 2783 965 2874 comprehendat,
1006 2783 1164 2853 secunda
1203 2807 1284 2878 quae
1323 2785 1366 2854 ad

176 2905 429 3006 Magistratus,
454 2919 563 3004 atque
587 2911 635 2981 ita
657 2910 841 3003 deinceps.
890 2909 1052 2982 Maxima
1081 2934 1162 3004 pars
1192 2910 1370 3008 inscripti·

175 3058 284 3108 onum
305 3035 342 3107 in
362 3035 418 3106 his
436 3037 603 3108 omnibus
622 3037 799 3110 thesauris
819 3037 950 3109 Latina
968 3048 1034 3121 est,
1056 3049 1092 3110 et
1111 3037 1274 3112 Reinesii
1290 3043 1370 3138 qui-

176 3168 257 3239 dem
277 3166 479 3264 Syntagma
497 3165 556 3238 vix
574 3165 703 3264 viginti
725 3166 874 3238 Graecas
894 3167 1014 3238 habet.
1056 3166 1205 3239 Gruteri
1225 3168 1369 3264 quidem

82 3287 87 3295 ⁵
176 3296 367 3396 diligentia
392 3306 501 3391 atque
527 3295 690 3368 doctrina
715 3295 813 3366 omni
847 3295 953 3366 laude
983 3295 1103 3391 dignae
1131 3307 1226 3384 sunt,
1263 3299 1373 3370 multa

177 3433 298 3495 tamen
328 3419 465 3494 ⁴menda
497 3423 621 3496 insunt
655 3424 691 3493 in
730 3423 938 3494 Graecarum
981 3423 1255 3518 inscriptionum
1288 3453 1373 3524 apo·

176 3551 325 3649 graphia
362 3519 445 3647 quae
475 3550 534 3622 ille
569 3550 762 3648 evulgavit.
820 3551 926 3640 Quod
962 3553 1054 3623 idem
1094 3554 1138 3622 de
1171 3553 1248 3624 aliis
1283 3578 1373 3649 quos

179 3679 373 3752 memoravi
397 3681 564 3752 omnibus
590 3679 780 3752 dicendum
801 3690 868 3765 est,
893 3692 929 3750 et
955 3681 1140 3775 praecipue
1171 3681 1216 3750 de
1246 3679 1375 3752 Mura-

179 3808 273 3881 torio
287 3807 374 3904 qui,
404 3819 445 3879 ut
470 3809 622 3894 videtur,
652 3809 781 3880 menda
798 3807 854 3880 vel
876 3807 1044 3902 pessima,
1074 3831 1143 3879 nec
1162 3810 1375 3898 emendavit,

180 3959 248 4008 nec
266 3936 417 4008 omnino
435 3933 577 4008 sensit¹.
606 3935 799 4008 Muratorii
817 3936 918 4030 operi
930 3935 1199 4030 praemittuntur
1215 3939 1375 4035 epistolas

221 4113 230 4143 ¹
245 4117 293 4176 Cf.
309 4116 459 4174 Maffeium
468 4119 547 4177 Mus.
557 4117 663 4176 Veron.
673 4117 756 4174 Praef.
806 4117 951 4191 irrepsisse
963 4117 1086 4174 dicentes
1097 4135 1182 4192 quam
1195 4120 1268 4194 quod
1281 4119 1379 4176 Mura-

183 4229 210 4284 p.
222 4230 253 4271 x.
273 4219 302 4268 et
317 4210 431 4268 Corsin.
444 4213 474 4268 in
488 4211 558 4270 Not.
574 4213 629 4270 Gr.
643 4209 756 4285 Proleg.
807 4213 893 4271 ton'us
911 4214 1063 4288 majoribus
1087 4216 1167 4271 rebus
1188 4222 1376 4287 occuparetur.

183 4311 205 4378 ς.
220 4310 247 4364 5.
261 4324 288 4379 p.
305 4309 359 4362 ta.
372 4301 462 4378 (Flor.
477 4311 567 4374 1749.
580 4304 644 4380 sol.)
658 4306 756 4362 eadem
810 4307 894 4375 Quod
906 4325 1005 4364 verum
1018 4325 1078 4365 esse
1092 4317 1190 4383 potest.
1213 4307 1259 4365 Cf.
1273 4325 1378 4383 quoque

185 4414 215 4452 ae
231 4417 282 4474 ego
304 4399 341 4455 de
367 4396 525 4455 Muratorio
548 4406 704 4473 querentes,
729 4408 760 4454 at
810 4400 902 4474 ipsum
919 4401 1027 4460 Murat.
1042 4420 1088 4475 pp.
1100 4407 1149 4458 51.
1163 4396 1212 4456 66.
1231 4405 1297 4457 134.

183 4495 282 4551 menda
310 4512 368 4551 non
392 4491 480 4549 aliam
508 4501 621 4568 propter
644 4511 758 4549 causam
