3158 5104
787 397 858 456 llo
1202 391 1348 478 [Crrss.
1373 391 1435 456 111.
1502 470 1506 484 ‚

246 601 291 651 en
314 575 546 651 l'exominont'
568 575 614 645 do
640 573 720 668 plus
745 597 839 670 pres,
866 599 915 646 on
948 573 1021 647 voit
1039 595 1113 670 que
1130 574 1166 645 la
1182 575 1293 669 petite
1316 599 1437 672 queue

246 711 294 781 du
323 720 349 785 Ρ
374 715 468 780 n'est
487 729 549 800 pos
577 701 745 800 indiquoe
766 727 833 798 por
859 728 931 776 une
948 704 1034 777 trait
1053 703 1117 776 fait
1141 729 1231 778 avec
1246 706 1280 779 le
1305 710 1438 796 ciooou,

191 852 194 860 '
246 839 334 912 maio
374 837 576 910 seulement
608 857 695 910 aveo
727 835 764 906 lo
797 835 947 908 couleur
982 857 1109 932 rouge.
1163 836 1437 910 L'obrervation

245 969 341 1040 donc
358 969 403 1040 de
422 966 477 1038 Μ.
496 965 628 1056 l'Abbo
646 964 867 1036 Borthelemi
885 970 980 1037 n'est
993 965 1087 1036 donc
1104 957 1281 1052 inexaete,
1298 989 1440 1039 comme

244 1096 280 1167 le
312 1097 474 1190 pourroit
505 1095 595 1168 faire
626 1117 761 1190 penset
787 1118 836 1166 un
867 1119 961 1190 coup
994 1095 1092 1173 d’oeil
1127 1095 1333 1190 superficie}
1358 1097 1440 1194 jort

245 1249 308 1299 sur
332 1225 606 1322 l'ioscription.”
1510 1192 1514 1219 Ι

320 1357 527 1452 Antequam
584 1355 737 1426 orationi
788 1355 898 1427 finem
949 1355 1143 1449 imponam,
1182 1355 1278 1427 bella
1329 1359 1439 1457 hujus
1512 1388 1516 1405 ·

244 1488 471 1586 Epigrophes
488 1484 655 1558 versione
672 1511 694 1558 a
713 1483 917 1558 Muratorio
934 1485 1110 1569 confecto,
1128 1486 1279 1582 pulchro
1297 1465 1441 1562 scilicet

245 1639 408 1700 munere,
436 1615 570 1686 Lector
585 1613 785 1686 donandus.

592 1743 628 1781 “¹
641 1743 697 1814 Ex
723 1743 942 1817 Erectheide
966 1743 1095 1846 Trtbu.
1334 1815 1341 1826 ,

318 1872 390 1962 Qui
420 1871 459 1944 in
488 1871 583 1944 bello
609 1871 739 1944 mortui
770 1883 868 1959 sunt,
895 1874 932 1945 in
964 1873 1100 1970 Cypro,
1128 1875 1166 1945 in
1192 1873 1366 1973 AEgypto‚
1393 1901 1436 1950 ao

242 2003 435 2095 Phoenice,
469 2003 507 2076 in
543 2000 832 2077 MARITIMIS
868 2002 1339 2094 NAVIGATIONIBUS‚
1373 2007 1435 2080 lN

240 2133 429 2208 AEGINA
457 2129 710 2206 MEGARAE.

664 2260 830 2334 'Eodem
858 2262 1003 2334 Anno.”

224 2449 229 2456 -
314 2396 406 2485 Quae
439 2394 604 2488 sequitur
637 2401 733 2474 nota,
755 2392 832 2486 ipsa
864 2391 1036 2465 versione
1059 2391 1298 2488 prestantior.
1351 2393 1434 2478 “121

237 2519 366 2606 Marit.
395 2516 498 2590 Nar.
523 2517 594 2588 nisi
620 2517 667 2590 sit
692 2517 737 2588 In
762 2513 897 2590 Eleusi
904 2515 954 2588 ³.''

277 2783 285 2814 ¹
309 2783 445 2854 'I'heoaun
462 2801 490 2856 p.
505 2795 718 2840 neccoxxrx.
861 2780 937 2841 Dino.
952 2779 991 2838 N.
1005 2798 1034 2853 p.
1052 2775 1118 2837 164.

274 2877 351 2941 ’ct
385 2877 496 2938 corso.
526 2878 603 2936 Fost.
629 2879 692 2936 Art.
721 2875 755 2936 P.
779 2875 804 2934 1.
894 2873 1058 2934 'Momm
1073 2873 1170 2949 Pelop.
1184 2875 1208 2931 1.
1228 2872 1315 2948 pto.
