3204 5104
792 407 841 480 46
1205 411 1353 498 [cinis.
1378 409 1429 479 11.

223 558 401 634 blindniss
441 556 502 630 bei
545 554 718 654 Thucyd.
746 551 791 626 V.
824 562 884 642 79.
951 557 1121 638 Tenem
1172 551 1315 626 scheint
1366 549 1427 624 die

222 688 502 790 obrigheitliche
527 687 696 762 Behiirde
722 710 769 760 zu
792 684 1033 771 bezeichnen,
1057 687 1089 758 ol
1106 683 1156 757 τά
1177 683 1265 770 τέλη
1286 679 1427 782 ἔχοντες

222 823 260 895 in
279 819 354 892 Elis
375 819 514 908 (Thoe.
536 818 579 892 V.
598 828 657 908 47.
679 817 716 890 in
735 817 853 890 einem
872 814 1086 910 bundnies3)
1111 814 1188 887 niso
1205 811 1249 886 od
1276 810 1428 908 Burger

223 951 311 1024 oder
336 947 505 1022 Beltorde
527 948 612 1024 oder
632 971 780 1046 gaogcr
806 945 950 1022 Stant.'’
1004 946 1104 1020 Tum
1137 946 1235 1042 quod
1260 943 1427 1041 sequitur

221 1081 287 1154 ὄντ’
305 1102 372 1176 pro
396 1079 473 1151 ἐστι
488 1079 576 1175 ροοί
602 1089 717 1176 putet,
743 1087 779 1150 et
800 1077 918 1150 locum
941 1077 992 1150 ita
1017 1077 1182 1164 ordinet3
1209 1077 1287 1149 οἵτε
1311 1071 1426 1159 levas,

222 1217 300 1284 alre
323 1205 420 1298 ddudr
445 1210 511 1283 ὅντ’
539 1214 602 1308 (sc.
627 1205 731 1302 ἐστι).

298 1342 340 1416 L.
390 1357 427 1434 9,
482 1354 537 1414 10.
595 1348 796 1440 Ενταπιαροι
844 1371 1015 1437 κενοχοιτο
1071 1368 1424 1436 τανταντογραμενω.

223 1473 421 1561 Biickhius,
449 1483 489 1544 ut
504 1471 582 1577 jem
602 1470 688 1559 dixi,
714 1471 780 1562 εντ’
798 1495 879 1543 cum
904 1468 1195 1567 praecedentibus
1217 1467 1425 1569 conjungit.

222 1604 421 1704 Knlghtlus
440 1606 519 1677 hoec
535 1601 592 1698 [ila
618 1601 786 1699 explicat.
809 1601 867 1674 Ἐν
887 1634 937 1695 τῳ
961 1600 1113 1702 έφιερειιρ
1137 1599 1178 1674 dr
1201 1599 1354 1700 ένεχοιτο
1374 1633 1425 1694 τφ

220 1737 363 1809 ineunda
380 1766 613 1830 γογραμμενῳ.
666 1730 742 1805 Ubi
760 1729 990 1804 incommoda
1008 1741 1064 1805 est
1084 1730 1187 1804 elisio
1205 1729 1425 1830 diphthongi

222 1907 251 1948 οι
270 1867 355 1944 ente
384 1869 532 1944 brevem
557 1867 715 1944 vocalem
740 1901 766 1952 ε,
791 1868 991 1964 praesertim
1016 1865 1213 1940 cumidem
1238 1868 1335 1942 haud
1362 1837 1425 1939 lint

222 2005 261 2077 in
278 2002 398 2078 verbis
415 2037 468 2076 τοι
481 2007 639 2078 seranda.
669 1999 927 2076 Boiseonedins
942 2000 1132 2074 manifesto
1148 1999 1282 2077 inbitur
1295 2002 1424 2104 legens

222 2169 298 2210 εντα
325 2146 492 2238 εφιεριιω.
506 2185 517 2208 .
532 2185 542 2208 .
557 2137 718 2208 ,εντανθα
748 2164 962 2230 εγιγραμανω.
1017 2129 1073 2203 llll
1106 2131 1251 2228 quidem
1283 2133 1426 2206 videtur

221 2303 263 2343 τε
295 2267 450 2345 otiosum
481 2291 561 2342 esse
590 2267 628 2340 in
657 2267 738 2342 loco
767 2264 1038 2340 Demosthenis.
1077 2260 1202 2367 ,ἐπειδή
1231 2265 1249 2338 ὁ
1279 2262 1424 2352 lanae&

220 2401 390 2486 Ἀθηναίων
425 2397 503 2474 durs
535 2405 608 2476 τοῖς
648 2397 905 2497 προγενομένοις
944 2401 1068 2493 καιροῖς
1104 2396 1238 2471 εὐνοέων
1276 2392 1426 2474 διατελεῖ

222 2533 414 2632 Βυζαντίαν
434 2535 487 2606 καὶ
509 2545 642 2611 πολλας
658 2542 711 2606 rol
732 2543 890 2628 μεγαλας
911 2563 1028 2630 χρειαι
1045 2532 1263 2632 παρέσχηται
1282 2531 1360 2607 έντε
1375 2541 1427 2628 τῷ

222 2664 454 2763 παρεστακότι
486 2662 717 2763 rorpqi—Ubl
747 2662 885 2762 liquido
914 2687 987 2736 non
1017 2661 1172 2738 otiosum
1202 2675 1268 2738 etl.
1322 2663 1424 2740 Nam

221 2801 274 2873 eal
305 2800 395 2872 dune
421 2806 545 2894 portes
576 2809 715 2872 tentum
749 2796 940 2872 sententiae
965 2799 1169 2900 conjungit,
1194 2797 1272 2874 ’ἐντι
1300 2807 1424 2875 autem

222 2955 323 3008 suam
369 2929 565 3007 clausulam
610 2930 722 3027 priori
770 2925 845 3005 έντε
891 2936 963 3008 τοῖς
1011 2933 1266 3030 προγενομένοις
1304 2939 1427 3032 καιροῖς

222 3066 385 3162 opponit.
438 3063 487 3140 Et
510 3073 637 3161 postea
663 3063 779 3162 magis
802 3064 848 3135 de
872 3096 1050 3162 ογραμενοι
1073 3065 1183 3140 falsus
1207 3079 1273 3141 eet.
1324 3066 1428 3140 Dicit

222 3200 330 3286 enim,
364 3209 387 3241 “
399 3201 444 3274 ln
471 3233 650 3298 εγραμενοι
674 3234 690 3292 ς
719 3223 793 3271 non
825 3208 881 3271 est
911 3211 1149 3299 augmentum
1177 3201 1242 3276 sed
1277 3200 1424 3300 signum

220 3332 489 3430 praepositionis
529 3335 575 3408 έν.
644 3333 808 3431 Simplex
849 3345 904 3407 est
946 3367 988 3429 γ,
1027 3335 1126 3433 quod
1169 3336 1304 3433 duplex
1342 3359 1425 3412 cese

220 3465 362 3564 debuit,=
383 3476 425 3539 ut
447 3501 470 3556 μ
490 3467 526 3539 in
558 3468 684 3540 endem
704 3490 807 3554 voce,
833 3477 872 3548 ut
886 3479 914 3542 ’λ
936 3493 1046 3565 supro
1077 3470 1114 3542 in
1142 3481 1290 3548 ολαλοις.
1332 3467 1423 3544 Non

221 3600 431 3676 scribebant
454 3600 634 3675 elementn
662 3625 745 3697 quae
763 3625 837 3674 non
856 3591 1183 3698 pronunciabant.'’
1227 3601 1423 3681 Verissime

220 3731 473 3829 proculdubio,
500 3731 597 3805 unde
622 3711 744 3805 e'ntem
778 3733 846 3806 scit
872 3734 926 3807 vir
950 3734 1193 3824 doctissimus,
1221 3746 1259 3809 et
1286 3738 1356 3811 hoc
1386 3742 1426 3804 et

220 3865 309 3940 illud
337 3899 379 3960 γ,
406 3864 445 3937 in
471 3865 583 3939 verbo
607 3864 783 3964 ἔγγραφον
804 3890 878 3939 non
902 3865 1183 3962 pronunciatum
1207 3865 1313 3943 esset
1335 3869 1425 3975 Ego

220 4009 349 4074 contre
371 4023 513 4096 semper
541 3999 821 4095 pronunciatum
844 4025 923 4076 esse
952 4002 1074 4075 credo.
1128 4003 1199 4078 Sed
1219 4006 1266 4079 dc
1290 4006 1358 4082 bec
1381 4035 1423 4086 re

219 4125 259 4200 in
301 4128 526 4204 Praefetione
554 4132 632 4232 jem
668 4133 740 4232 egi.
804 4134 992 4233 Ἐφιερειον
1025 4134 1114 4208 nihil
1150 4135 1219 4209 nisi
1253 4135 1421 4210 mnlctnm

221 4279 360 4330 sacrem
380 4259 573 4352 (talentum
594 4284 644 4335 ec.
669 4260 758 4337 Jovi
779 4263 954 4360 dicatum)
979 4264 1039 4338 hic
1056 4264 1265 4364 significare
1291 4275 1423 4364 potest.

220 4385 447 4484 “Pmposite
479 4395 569 4462 est''
603 4388 744 4488 utique,
784 4398 825 4462 ut
862 4415 947 4466 vere
984 4391 1222 4482 Boissonede,
1259 4395 1423 4468 “eedem

219 4540 335 4614 poene.
359 4518 428 4596 illis
454 4522 518 4621 qui
545 4520 695 4598 frederir
722 4521 899 4600 clausulae
927 4527 1172 4626 despexerint,
1199 4538 1237 4604 et
1260 4528 1329 4604 illis
1359 4525 1423 4627 qui
