3176 5094
224 367 331 442 xxxvi
643 386 995 439 rnouacouarra.

226 547 375 620 t-fuisse
392 546 543 630 videtur,
562 567 645 638 quae
661 544 698 616 in
717 545 836 638 lapide
853 540 1057 636 Wray'iano
1070 538 1091 627 ¹,
1118 527 1237 634 sigillo
1262 540 1416 634 quodam

225 676 435 761 Naniano⁹,
473 684 511 746 et
554 674 591 743 iu
637 672 843 769 fragmento
888 667 1129 763 inscriptionis
1174 667 1333 740 metricae
1379 669 1416 739 in

225 771 364 878 sclredis
400 802 715 874 Fourmoutianis⁸
751 800 982 895 conspicitur.
1034 795 1178 867 Exinde
1208 795 1329 868 forsan
1362 796 1418 870 in·

224 927 391 1002 seriorem
406 942 542 1026 partem
562 931 757 1002 minuendo
770 929 953 1024 paullatim
985 935 1008 997 t
1025 925 1257 998 efficiebatur.
1310 923 1417 1011 Quod

227 1083 381 1132 merere
394 1061 525 1134 dixisse
539 1063 620 1133 ideo
635 1061 749 1158 magis
766 1061 886 1143 credo,
899 1059 984 1155 quia
997 1058 1122 1129 codem
1138 1055 1244 1128 modo
1256 1053 1418 1149 aspirati-

221 1189 305 1260 onis
332 1201 453 1263 notam
483 1189 504 1250 Ι·
535 1191 689 1284 “primo
723 1190 758 1260 in
784 1188 909 1284 anguli
938 1208 1073 1258 morem
1101 1194 1282 1256 exaratam
1307 1181 1418 1288 fuisse

220 1317 278 1388 sic
301 1325 337 1404 1.,
360 1319 490 1390 deiude
505 1342 599 1390 ¹vero
617 1318 834 1389 rotundam”
863 1340 884 1386 c
911 1312 1191 1387 Montfauconio
1210 1311 1379 1382 discimus
1390 1308 1417 1375 ⁴.
1498 1307 1506 1314 ’

227 1446 360 1520 Postea
373 1447 570 1520 acutiorem
587 1447 762 1544 angulum
778 1448 883 1519 linere
897 1446 1102 1520 efficiebant
1117 1448 1180 1537 (l)
1195 1453 1233 1514 et
1249 1442 1418 1536 denique,

226 1575 398 1648 subversa
424 1577 539 1659 litera,
571 1574 667 1646 linea
695 1577 838 1648 brevior
864 1574 1061 1670 paullulum
1090 1575 1266 1668 producta
1288 1581 1352 1656 est,
1380 1579 1421 1640 ut

226 1708 428 1802 longiorem
464 1699 626 1802 aequaret
660 1709 733 1802 (Λ).
800 1709 843 1780 ln
878 1709 1017 1780 duabus
1051 1704 1347 1800 inscriptionibus
1381 1704 1417 1773 iu

228 1856 353 1904 museo
381 1832 612 1906 Wiltoniano
634 1836 784 1907 serratis
808 1835 877 1906 alia
906 1835 1021 1906 forma
1043 1833 1221 1928 reperitur
1248 1830 1326 1924 (5);
1356 1831 1419 1902 sed

228 1961 350 2033 titulos
376 1962 460 2033 istos
486 1963 749 2034 commentitios
775 1986 854 2034 esse
880 1963 965 2034 satis
990 1971 1101 2055 patet.

225 2149 228 2154 ·
302 2109 387 2197 Quo
420 2121 581 2205 tempore
612 2135 677 2206 pro
708 2110 812 2182 litera
847 2111 971 2206 Sigma
1000 2108 1126 2180 Graeci
1158 2115 1196 2178 M
1232 2109 1418 2202 scripsere,

227 2240 365 2312 literam
387 2239 456 2311 Mu
477 2241 547 2310 hoc
570 2242 676 2312 modo
698 2239 870 2313 effinxere
887 2247 932 2325 Μ
944 2266 954 2323 ;
986 2261 1053 2308 nec
1083 2237 1168 2308 mihi
1190 2237 1418 2309 vetustiorem

96 2421 102 2463 4
227 2367 383 2462 aliquam
411 2369 518 2466 hujus
544 2369 714 2442 elementi
741 2368 890 2440 formam
915 2367 1037 2438 videre
1063 2367 1225 2462 contigit.

305 2499 438 2571 Literae
473 2506 504 2568 O
546 2498 752 2593 aliquando,
791 2509 830 2570 ut
863 2499 1012 2584 videtur,
1043 2497 1158 2568 forma
1191 2497 1420 2593 triangularis

229 2627 345 2700 emit
384 2626 467 2719 ‘vix
491 2625 569 2696 lieri
593 2637 712 2720 potest
740 2628 836 2722 quin,
851 2627 1047 2724 aliquando
1074 2652 1220 2724 quoque
1246 2630 1421 2724 quadrata

229 2756 350 2828 fuerit.
420 2755 573 2828 Nullum
604 2767 725 2828 autem
760 2759 963 2854 exemplum
996 2755 1040 2829 in'
1070 2758 1306 2830 marmoribus
1338 2781 1420 2853 per·

229 2884 379 2956 vetustis
414 2883 496 2970 vidi,
531 2885 559 2954 si
594 2883 751 2977 excipias
787 2884 913 2955 Leakii
949 2884 1199 2978 inscriptiones
1213 2884 1239 2970 ⁶,
1269 2899 1419 2981 quarum

230 3023 353 3084 tamen
372 3021 459 3083 aetas
482 3012 629 3083 omuino
652 3011 789 3082 incerta
815 3024 880 3084 est.
931 3013 1153 3085 Charactere
1168 3035 1263 3106 saepe
1282 3011 1420 3084 crateris

232 3143 363 3214 minori
389 3151 420 3212 O
446 3141 659 3238 effingitur'.

307 3273 534 3346 Elemeutum
562 3272 606 3343 Pi
620 3274 804 3368 ,imprimis
832 3298 852 3344 a
873 3274 977 3346 lineis
996 3285 1095 3346 recta
1118 3284 1155 3344 et
1176 3296 1285 3346 curva
1320 3281 1343 3341 Ι)
1358 3247 1421 3340 finss

233 3405 401 3502 gebatur,
440 3403 497 3495 (ut
531 3403 569 3471 in
604 3402 717 3498 galeis
757 3405 855 3498 apud
893 3403 1097 3475 Leakium⁰
1130 3416 1166 3475 et
1204 3397 1421 3492 Frerium⁹,)

235 3555 345 3630 quam
374 3531 526 3604 formam
554 3530 751 3624 sculptores
781 3543 904 3625 postea
934 3533 968 3603 in
999 3535 1207 3626 quadratam
1244 3539 1272 3600 1Ἰ
1300 3539 1423 3623 utpote

276 3785 286 3815 ¹
308 3785 385 3841 lutra
400 3784 492 3842 01555.
508 3800 546 3840 55.
569 3783 657 3840 lustr.
671 3801 732 3840 vrr.
856 3781 1016 3853 (11510511.
1034 3782 1105 3855 Lap.
1120 3781 1172 3836 lll.
1189 3787 1213 3835 1.
1225 3797 1252 3854 p.
1266 3777 1331 3852 60.)
1341 3778 1427 3834 advo-

276 3876 292 3904 ²
312 3875 390 3933 Infra
403 3875 496 3932 Class.
508 3863 549 3929 ⁴11.
571 3875 658 3932 lusor.
671 3893 741 3934 xrr.
857 3885 937 3942 casm
959 3876 995 3934 of.
1009 3875 1083 3932 enim
1099 3875 1184 3931 Wisc.
1201 3873 1277 3932 Mus.
1295 3871 1377 3927 Bodl.
1397 3891 1425 3945 p.

276 3974 288 4006 ³
310 3969 386 4027 lnlra
399 3969 492 4028 Class-
508 3988 545 4027 11.
568 3972 656 4028 Inscr.
672 3989 720 4028 xr.
860 3975 926 4026 119.
939 3967 982 4024 vel
998 3968 1115 4025 Eckhel.
1130 3968 1167 4024 D.
1180 3969 1218 4023 N.
1232 3967 1269 4024 V.
1282 3965 1319 4022 ll.
1335 3985 1362 4038 p.
1378 3970 1426 4024 83.

180 4095 184 4100 ·
276 4070 288 4103 ⁴
308 4067 466 4126 Montlsuc.
477 4065 537 4123 Pal.
553 4066 604 4124 Gr.
620 4087 646 4142 p.
659 4071 728 4133 257.
903 4060 913 4092 ⁷
935 4061 979 4118 Cf.
991 4061 1122 4118 Maaoch.
1135 4055 1428 4116 ProdoeuuodTabb,

278 4160 499 4218 ὃ0111551151.
522 4162 587 4216 Act.
609 4161 699 4217 Acad.
720 4159 805 4215 Inscr.
858 4152 972 4212 Hcracl.
1001 4152 1094 4208 Diatr.
1120 4151 1172 4206 111.
1202 4169 1226 4206 5.
1252 4154 1280 4205 2.
1308 4167 1334 4222 ρ.
1362 4143 1427 4207 126.

240 4258 479 4332 Tom.xx111.p.
495 4260 562 4311 420.
859 4247 988 4306 Paciaud.
1006 4247 1086 4303 Mon.
1102 4245 1197 4318 Pelop.
1219 4245 1254 4300 Τ.
1265 4243 1302 4301 11.
1322 4261 1348 4318 p·
1360 4239 1428 4302 261.

221 4419 227 4426 Ι
280 4347 402 4407 'Clusa
420 4349 457 4404 ll.
480 4349 535 4405 No.
549 4347 617 4404 XX.
636 4351 680 4400 ta.
715 4341 807 4402 Taceo
897 4342 1020 4400 'Closs
1037 4343 1057 4396 l.
1074 4341 1126 4396 lV.

242 4447 276 4504 da
302 4464 417 4506 nummo
445 4445 580 4519 Amyntae
603 4441 623 4496 1.
648 4457 665 4493 a
691 4437 807 4493 titaffeio
897 4431 1139 4494 ο0155511111.
