3176 5094
215 367 260 442 xl
653 371 994 428 rnouaoouurrn.

214 543 317 618 utin
344 536 565 614 transeundo
592 557 637 604 ex
663 531 777 604 altera
806 530 909 602 litera
942 527 989 598 ad
1016 522 1165 595 alteram
1190 529 1255 592 aut
1282 520 1409 593 cadem

213 673 286 746 oris
317 668 505 740 collocatio
548 677 659 758 atque
704 659 943 734 conformatio
987 662 1164 740 maneret,
1202 663 1266 724 aut
1299 674 1408 745 quam

215 801 362 876 nrinirna
380 797 531 870 mutatio
548 795 665 868 fieret.
718 792 883 887 Exempli
903 789 1034 887 gratia,
1062 811 1142 860 cunr
1173 792 1204 854 Ν
1226 785 1408 884 lingualis,

215 935 312 1032 quod
343 933 455 1014 aiunt,
494 926 529 990 M
571 941 691 1002 autern
730 926 869 1000 labialis
910 926 955 997 sit
998 924 1113 1010 litera,
1154 921 1184 982 Ν
1218 923 1265 992 ad
1299 920 1407 992 finem

213 1067 381 1142 dictionis
407 1074 493 1138 ante
522 1065 557 1129 Μ
588 1064 624 1135 ἰιι
653 1063 758 1135 initio
785 1060 971 1155 sequentis
998 1059 1037 1130 in
1067 1057 1103 1122 Μ
1135 1057 1331 1144 mutabant,
1361 1077 1409 1126 uc

214 1192 352 1266 scilicet
390 1216 484 1264 nova
523 1190 596 1262 oris
628 1189 869 1263 collocatione
902 1211 992 1283 opus
1026 1197 1130 1258 esset.
1185 1183 1270 1256 Nec
1303 1182 1408 1254 aliern

212 1330 360 1417 propter
386 1341 543 1402 causam,
572 1340 653 1388 cunr
689 1325 726 1387 et
753 1315 780 1380 B
810 1326 846 1388 et
874 1314 909 1378 M
941 1314 1091 1386 labiales
1119 1311 1203 1396 sint,
1231 1316 1262 1378 Ν
1287 1319 1409 1382 autern

211 1447 396 1546 lingualis,
427 1444 457 1507 Ν
490 1453 576 1516 anta
608 1441 635 1506 Β
668 1444 704 1514 in
736 1440 771 1504 M
803 1444 1002 1515 mutabant.
1044 1441 1137 1512 Cum
1162 1449 1282 1512 autern
1313 1439 1410 1510 haud

213 1594 354 1669 semper
381 1568 474 1641 effici
516 1581 638 1664 posset
672 1581 711 1642 ut
755 1569 903 1643 nonnisi
945 1572 1028 1642 duae
1067 1571 1229 1667 ejusdcm
1262 1567 1410 1664 generis

213 1703 328 1776 litera
361 1709 631 1785 concurrerent,
669 1699 706 1770 id
746 1699 871 1771 saltem
910 1700 1067 1772 effecere
1098 1709 1140 1770 ut
1176 1700 1258 1771 dure
1301 1720 1409 1790 quam

215 1831 401 1934 simillinrae
439 1831 761 1928 conjungerentur.
832 1828 870 1900 Si
909 1837 949 1917 Γ,
989 1854 1022 1901 c.
1048 1853 1097 1926 g,
1137 1836 1221 1900 ante
1257 1826 1288 1889 Λ
1330 1837 1410 1912 stet,

217 1970 300 2039 dum
333 1965 379 2037 ab
412 1964 472 2035 illa
501 1965 547 2035 ad
577 1965 672 2034 banc
702 1963 886 2057 loquendo
917 1973 1091 2049 transeas,
1113 1963 1220 2035 haud
1251 1962 1324 2033 ullo
1355 1961 1412 2034 val

216 2103 313 2167 certe
347 2091 493 2163 minimo
524 2091 660 2187 linguas
693 2101 791 2162 rnotu
825 2113 915 2184 opus
951 2101 1029 2176 est3
1071 2101 1109 2162 at
1138 2091 1169 2162 si
1203 2098 1229 2162 Κ
1262 2083 1349 2163 ante
1381 2098 1411 2161 Λ

217 2223 422 2308 collocetur,
461 2221 568 2316 plane
601 2220 737 2317 maJori.
791 2219 892 2316 Ergo
930 2222 956 2286 Κ
996 2218 1033 2290 in
1088 2220 1327 2292 l'rnutabaut
1362 2221 1412 2291 ita

219 2361 268 2439 ut,
304 2373 369 2444 pro
395 2349 453 2419 Ἐκ
482 2349 620 2435 λιμένος,
645 2349 713 2440 Ἐγ
741 2349 867 2433 λιμένος
898 2347 1072 2419 dicerent.
1116 2346 1250 2418 Postea
1280 2368 1411 2420 novum

217 2479 398 2552 scribendi
437 2500 570 2549 morem
624 2475 792 2562 intulere,
836 2475 921 2546 huic
968 2474 1233 2570 pronunciandi
1282 2476 1412 2548 rationi

216 2607 538 2694 accommodatum,
584 2603 687 2700 cujus
725 2602 821 2674 infra
860 2605 1025 2699 exempla
1059 2604 1225 2698 quasdam
1265 2627 1410 2698 ponam.

220 2737 325 2826 Quod
360 2746 481 2806 tamen
515 2743 624 2804 autea
655 2755 761 2826 quarn
790 2741 969 2827 praestem,
1005 2756 1120 2826 pauca
1153 2733 1198 2808 dc
1233 2733 1345 2806 literae
1378 2744 1409 2806 Ν

217 2844 520 2960 pronunciatione
550 2860 712 2931 dicenda.
765 2856 904 2930 Praeter
931 2859 1115 2954 proprium
1141 2884 1279 2944 sonum,
1304 2861 1413 2934 alium

221 2990 417 3086 quendam‘
441 2989 526 3060 huic
565 2987 679 3060 literae
717 2987 910 3060 hodiernos
955 2988 1114 3061 tribucre
1159 2991 1244 3062 satis
1288 3002 1413 3063 notum

220 3127 275 3190 cst
319 3140 427 3213 quem
457 3114 637 3190 Nosalem
666 3128 809 3204 vocant,
837 3141 920 3189 eum
947 3119 1083 3190 scilicet
1108 3117 1171 3213 qui
1201 3119 1237 3190 in
1263 3120 1413 3191 vocibus

221 3244 387 3342 Anglicis
413 3243 592 3339 English,
620 3245 771 3317 Anchor
796 3246 974 3319 audiatur.
1028 3247 1193 3320 Eundem
1226 3249 1310 3320 huic
1345 3248 1416 3320 ele·

222 3384 343 3446 mento
376 3375 473 3468 apud
506 3372 656 3446 latinos
692 3375 888 3472 contigisse
923 3399 1050 3448 sonum
1085 3377 1170 3448 satis
1207 3401 1228 3448 e
1261 3376 1416 3475 Nigidio

222 3503 379 3602 Figulo¹
415 3506 570 3578 ostendit
603 3506 902 3579 Bartheleurius'.
955 3507 991 3578 ls
1026 3507 1122 3579 enirn
1156 3508 1254 3580 hunc
1288 3533 1415 3583 sonum

222 3635 426 3710 luculenter
455 3635 657 3729 descripsit,
689 3636 751 3708 ubi
787 3639 833 3709 dc
857 3637 1005 3712 vocibus
1036 3635 1222 3726 Anchora,
1250 3636 1414 3732 Anguis,

225 3767 408 3862 Increpat,
436 3765 626 3859 ingenuus
653 3767 728 3855 (cui
760 3767 840 3839 voci
871 3766 992 3838 Latini
1021 3774 1119 3836 recte
1142 3767 1269 3839 durum
1301 3767 1417 3840 litera.

225 3905 257 3969 G
279 3917 406 3968 sonum
433 3894 652 3984 tribuerunt)
682 3919 809 3992 agens,
838 3893 984 3989 (inillis
1013 3893 1175 3986 vocibus)
1202 3894 1253 3965 ait
1282 3894 1417 3965 “haud

225 4047 348 4100 vcruru
390 4028 422 4090 N
457 4026 520 4096 scd
556 4025 796 4099 adulterinum
832 4025 991 4120 ponitur,
1031 4049 1113 4098 nam
1149 4039 1180 4101 N
1221 4048 1293 4098 nou
1326 4048 1416 4110 esse,
1457 4073 1467 4083 -

405 4287 413 4316 ¹
432 4288 517 4360 Apud
534 4286 599 4345 Aul.
615 4287 690 4346 Gell.
705 4301 779 4342 xrx.
793 4307 817 4344 c.
833 4295 878 4345 14.

405 4377 416 4408 ¹
438 4379 530 4444 Mem.
544 4382 579 4442 dc
595 4380 668 4440 l'Ac.
683 4381 731 4436 des
751 4381 839 4438 lusor.
851 4381 934 4442 Tour.
952 4401 1079 4442 xuvru.
1095 4403 1121 4456 p.
1134 4389 1202 4451 393.
