3176 5094
215 364 288 414 xxx
649 363 991 410 Puouacoucun.

217 522 331 618 ἡμέρα,
362 523 486 614 ἔτερος,
514 517 655 608 ἕβδομος
686 541 826 612 semper
859 518 996 588 adimit.
1049 519 1120 590 Sed
1154 543 1197 592 ea
1228 520 1417 614 inscriptio

216 651 341 728 eadem
356 619 593 720 inconstantia
606 649 663 740 ξυν
677 671 776 717 nunc
791 671 872 720 cum
889 649 973 731 Chi,
988 670 1087 719 nunc
1103 650 1182 722 sine
1196 650 1264 721 Cbi
1278 652 1417 724 scribit.
1445 669 1449 676 '

217 779 363 872 Aliquid
388 778 507 850 forsan
528 777 679 848 incuriae
697 777 886 872 sculptoris
909 778 1142 851 tribuendum
1159 791 1226 866 est,
1255 781 1317 852 sed
1344 805 1415 854 non

217 907 347 980 orirnia.
400 907 506 1000 Apud
543 918 681 977 veteres
711 907 858 978 Latinos
893 908 1018 978 eadem
1055 922 1132 980 erat
1161 909 1416 989 inconstantia.

209 1036 330 1109 Nunc
353 1036 448 1107 enim
476 1034 636 1128 Pilipus,
665 1058 763 1105 nunc
795 1031 1060 1108 Clienturiones
1082 1048 1123 1108 et
1151 1035 1277 1110 φηεΙιει
1304 1037 1415 1133 scrip·
1522 1077 1526 1082 -

216 1192 304 1241 sere.
359 1167 442 1240 Nec
461 1178 578 1238 tameo
606 1165 762 1260 proclive
782 1166 919 1238 creditu
950 1177 1002 1236 est
1023 1167 1288 1260 pronunciandi
1307 1169 1413 1238 ratio—

215 1321 298 1369 nem
317 1308 388 1368 tam
408 1296 513 1368 facile
532 1296 670 1366 mutari.
725 1294 857 1365 Paucis
877 1305 960 1386 post
989 1293 1094 1366 annis
1120 1293 1290 1388 aspiratio
1317 1295 1413 1388 apud

215 1427 364 1500 Graecos
390 1448 532 1519 semper
559 1425 807 1507 omittebatur,
835 1425 928 1518 quod
957 1447 1069 1519 quare
1090 1425 1224 1498 factum
1249 1427 1295 1496 sit
1318 1427 1412 1497 baud

212 1555 385 1650 intelligo.
413 1553 533 1624 Credo
551 1552 720 1647 equidem
740 1553 1084 1646 pronuntiationem,
1104 1555 1199 1648 quod
1217 1553 1409 1647 aspiratam

212 1682 397 1766 attinebat,
446 1682 540 1754 baud
574 1680 721 1752 omnino
757 1681 948 1754 stabilitam
992 1706 1082 1754 esse.
1154 1683 1247 1754 Rern
1288 1685 1335 1754 ita
1369 1709 1407 1756 se

212 1806 345 1878 babere
388 1807 484 1900 apud
525 1805 673 1878 Latinos
718 1809 816 1880 satis·
839 1809 979 1903 amplus
1025 1822 1152 1880 auctor·
1194 1823 1249 1880 est
1285 1810 1407 1882 Velius

212 1939 362 2036 Longus
377 1935 400 2006 ².

284 2069 476 2164 Digsmma
502 2069 538 2138 in
557 2077 680 2139 nostro
697 2067 819 2139 libello
837 2069 988 2142 eandem
1011 2071 1147 2165 ubique
1173 2073 1322 2144 sormam
1343 2097 1405 2144 ex·

208 2199 309 2270 hibet
335 2199 520 2270 hodiernae
555 2197 666 2270 literae
699 2211 720 2266 Ρ
753 2199 978 2270 simillimam.
1034 2201 1188 2298 Legitur
1227 2203 1262 2272 in
1300 2202 1401 2287 Elea,

210 2328 351 2413 Petilia,
387 2328 545 2418 Deliaca,
581 2341 618 2400 et
647 2329 767 2402 forsan
803 2332 837 2401 in
874 2331 985 2402 alters
1019 2357 1063 2403 ex
1099 2333 1319 2428 Olympiacis
1348 2335 1402 2406 in·

209 2456 475 2552 scriptionibus.
522 2459 658 2531 Extare
678 2483 823 2556 quoque
841 2460 980 2531 videtur
997 2461 1031 2532 in
1049 2461 1290 2558 inscriptione
1299 2467 1404 2536 scuri-

207 2589 360 2661 barbara
402 2612 426 2660 a
471 2585 607 2662 Lealrio
654 2613 767 2684 prope
805 2587 1020 2662 Nacoleiam
1056 2591 1093 2660 in
1133 2591 1219 2662 Asia
1266 2593 1402 2665 Minori

206 2729 348 2812 reperta
361 2715 384 2788 ³.
439 2716 494 2788 lbi
522 2718 617 2788 enim
648 2718 782 2816 legitur
809 2721 1042 2788 ΡΑΝΑΚΤΕΙ
1068 2733 1105 2788 et
1134 2731 1271 2813 postea¹
1288 2729 1402 2792 ΠΡΟ-

207 2853 383 2918 ΙΤΑΡΟΣ.
427 2845 627 2942 Episcopus
650 2848 905 2920 celeberrimus
931 2847 983 2918 H.
1004 2847 1161 2919 Marsb⁴
1187 2850 1221 2920 in
1250 2850 1401 2945 inscrip-

205 2979 306 3052 tione
324 3002 470 3074 quoque
493 3005 516 3050 a
539 2980 678 3076 Gropio
698 2979 903 3074 exscripta⁵
921 2981 1116 3077 Digamma
1138 2995 1260 3054 extare
1285 2993 1399 3078 putat.

246 3181 254 3210 ¹
278 3183 364 3238 Lflssz·
378 3181 498 3257 3³38&
514 3201 541 3255 P·
560 3189 625 3240 ¹³¹·
668 3183 778 3240 Hales·
827 3202 1023 3276 scriptionibus
1047 3205 1201 3262 recentibus
1224 3205 1335 3263 Groecis
1356 3227 1402 3264 as-

206 3295 298 3351 camp.
312 3275 399 3332 Thes.
416 3275 491 3331 Mor.
506 3295 533 3349 p.
549 3273 616 3332 264.
644 3275 775 3336 Bouhier.
827 3295 925 3367 piratio
951 3296 1060 3369 legitur.
1104 3299 1135 3353 ln
1157 3298 1247 3371 lapide
1272 3319 1290 3355 a
1310 3301 1402 3357 Coeli-

206 3375 238 3432 de
255 3373 342 3430 Prisc.
355 3370 409 3426 Gr.
424 3378 452 3426 et
467 3369 529 3427 Lat.
547 3371 615 3429 Litt.
628 3377 649 3444 §.
664 3379 713 3430 41·
824 3388 919 3444 ereltio
940 3393 1074 3448 Gerontae
1086 3393 1225 3466 exscripto
1240 3394 1299 3450 baec
1317 3396 1401 3453 babe-

244 3467 374 3526 ’Velius
403 3469 515 3544 longus
551 3471 623 3544 apud
658 3472 773 3531 l'urscb.
826 3499 904 3548 mus;

204 3585 232 3641 p.
248 3571 337 3632 2229.
358 3574 385 3622 et
407 3571 497 3623 2238.
540 3565 661 3623 Subinde
679 3568 707 3623 in
732 3569 773 3624 in·

335 3657 1188 3736 ΠΡΟΦΗΤΗΣΜΟΣΧΙΩΝΗΦΑΙΣΤΙΩΝΟΣ

335 3755 1244 3835 ΗΥΔΡΟΦΟΡΟΣΤΡΥΦΩΣΑΑΠΟΛΛΩΝΙΟΥ.

203 3861 236 3916 lu
262 3859 320 3916 alia
345 3871 439 3918 autem
466 3862 646 3937 inscriptione
672 3868 770 3924 eodem
956 3884 1290 3954 ΗΕΡΑκνΕΙΤΟΣ

201 3954 264 4011 loco
287 3965 444 4030 repertast
466 3975 484 4012 a
508 3956 648 4032 Walpolio
669 3961 772 4034 publici
995 3982 1268 4052 NAYsspfitoz

197 4047 772 4131 <³
921 4082 1296 4154 amm...

200 4238 329 4296 tustiores
353 4244 540 4301 numerandus
567 4253 612 4302 est
635 4243 706 4320 lapis
734 4248 770 4303 ab
861 4212 872 4244 ι
894 4213 1014 4288 wall'd·
1026 4215 1111 4275 T⁰¹¹¹·
1125 4233 1164 4272 ¹¹·
1176 4235 1204 4290 Ρ·
1217 4223 1288 4283 ²⁰7·

199 4331 345 4416 Hughesio
363 4355 377 4392 e
397 4333 513 4395 Lusierii
533 4339 634 4398 Museo
648 4339 769 4416 deacrip·
859 4323 870 4355 ⁴
890 4323 962 4383 H⁰¹·
974 4325 1084 4402 Pelfflg·
1098 4345 1125 4401 p-
1136 4333 1186 4391 74.

198 4441 251 4487 tos.
705 4445 706 4450 ’
857 4433 868 4464 ⁵
889 4434 966 4494 Infra
977 4435 1071 4498 Clasa.
1087 4454 1135 4496 vr.
1159 4437 1246 4497 laser}
1261 4455 1286 4495 1.
