3158 5104
1199 345 1346 430 [Cunus.
1362 347 1412 414 ll.

522 771 672 856 Onnes.
700 771 764 854 ΙΙ.
807 770 961 856 Iason.
986 773 1094 858 VII.
1240 803 1247 815 ·

617 997 707 1056 TAB.
730 997 817 1058 VIII.
859 997 932 1058 Fro.
954 999 995 1060 II.

737 1213 866 1262 -4-
977 1221 986 1234 .

557 1417 715 1486 Archeol.
740 1418 836 1486 Tom.
855 1417 902 1486 11.
928 1443 963 1506 p.
979 1423 1055 1490 216.

286 1607 384 1696 Hoc
403 1642 557 1694 marmor
574 1619 755 1693 Stuurtius
771 1641 886 1715 prope
903 1625 1060 1706 Πακιλην
1079 1619 1237 1694 Athenis
1257 1623 1403 1718 reperit,

211 1759 476 1857 Smyrnumque
497 1757 604 1830 misit.
646 1756 704 1830 Ibi
720 1756 888 1830 amissum
907 1767 963 1830 est
981 1760 1043 1834 sed
1061 1769 1226 1857 postcau
1247 1759 1402 1836 Daniele

210 1889 328 1988 Wray
363 1899 545 1988 repertum
581 1887 619 1962 in
659 1887 741 1963 vico
775 1887 1190 1992 suburbano‘Finellep
1221 1893 1260 1967 in
1299 1893 1402 1967 horto

209 2017 355 2092 Ionesii
402 2020 601 2119 cujusdam,
654 2017 860 2092 mercatoris
911 2019 1165 2095 londinensis.
1227 2021 1403 2096 JoncsIus

208 2161 329 2228 autem
369 2176 392 2224 u
434 2151 618 2249 praeiecto
655 2147 769 2238 navis,
807 2172 905 2222 merc
951 2147 1265 2224 Mediterraneum
1306 2173 1402 2248 saepe

208 2283 370 2372 adeunti,
406 2291 607 2381 acceperut.
658 2281 779 2356 Multa
806 2281 852 2353 de
887 2280 956 2355 hoc
990 2303 1181 2370 marmore,
1209 2283 1273 2356 sad
1306 2282 1403 2358 haud

209 2417 333 2516 magni
384 2415 557 2488 momenti
598 2411 769 2486 chartulis
816 2411 994 2486 commisit
1038 2413 1086 2486 D.
1122 2412 1252 2512 Wrcy.
1319 2415 1405 2511 Ipsa

208 2548 419 2646 Epigruphe
447 2545 537 2621 nihil
563 2545 721 2618 notabile
750 2543 862 2638 habet
894 2552 1026 2641 prester
1056 2545 1189 2619 formes
1217 2544 1402 2621 literarum

209 2707 361 2783 quarum
378 2681 459 2756 alise
484 2678 687 2765 rarissimae,
714 2677 801 2751 alias
825 2679 991 2776 nuspiam
1014 2679 1053 2752 in
1079 2681 1316 2754 marmoribus
1332 2681 1401 2756 nisi

207 2817 245 2891 in
268 2817 337 2889 hoc
353 2814 472 2910 lapide
489 2812 573 2887 vidi.
624 2811 720 2885 Vere
739 2811 899 2908 quidem,
926 2823 1102 2908 quantum
1124 2813 1248 2902 sciam,
1274 2813 1403 2888 Mont-

207 2942 419 3021 fauconius¹
438 2943 591 3018 formem
612 2951 651 3036 1
669 2941 705 3014 iu
719 2942 876 3015 nummis
888 2952 1041 3032 tantum,
1059 2943 1207 3020 minime
1224 2956 1343 3020 eutem
1362 2947 1402 3022 in

205 3077 384 3179 lapidibus
397 3074 653 3150 vetustioribus
666 3075 910 3170 praeterhunc
924 3073 1186 3176 Wrayianum3
1209 3101 1402 3154 occurrere

207 3215 325 3287 docet.
352 3209 426 3284 Sed
438 3233 508 3282 nec
522 3209 560 3282 in
578 3207 665 3304 ipsis
683 3207 839 3281 nummis
856 3231 1018 3303 unquam
1036 3209 1258 3306 conspicitur
1270 3213 1401 3286 eodem

206 3344 315 3415 modo
335 3339 453 3439 posita
471 3363 547 3436 quo
570 3337 609 3410 in
637 3339 705 3411 hoc
731 3337 861 3434 lapide.
914 3339 1082 3414 Formam
1104 3349 1126 3414 t·
1145 3365 1212 3440 pro
1237 3345 1402 3420 lambda

206 3472 374 3570 nuspiam
407 3468 478 3544 nisi
513 3469 584 3558 hic,
626 3467 665 3541 in
701 3467 906 3570 fragmento
940 3472 1119 3566 quodem²
1153 3472 1251 3548 inter
1285 3475 1402 3550 Ilour-

204 3604 402 3690 montinne,
438 3610 477 3674 et
510 3599 547 3672 in
587 3598 818 3699 imaguncula
856 3601 1011 3696 quadam
1049 3601 1172 3677 Musei
1207 3601 1401 3680 Noniani³

202 3736 286 3812 vidi.
338 3731 537 3808 Rarissimo
559 3755 708 3832 quoque
730 3755 798 3804 usu
819 3743 994 3829 punctum
1013 3733 1051 3806 in
1077 3736 1196 3809 medio
1212 3735 1400 3812 literarum

203 3877 303 3946 Oet
337 3889 359 3956 9
403 3864 560 3963 ponitur.
623 3863 732 3955 Quod
765 3863 910 3961 quidem
942 3865 1023 3938 iuss
1053 3867 1090 3940 in
1123 3867 1401 3968 Prolegomcnis

204 4003 321 4078 docui.

278 4135 401 4210 Verba
439 4133 685 4232 inscriptionis
732 4131 844 4205 literis
892 4133 1303 4233 Constantinopolitanis
1348 4135 1399 4206 ita

202 4271 386 4346 reddenda
411 4280 497 4344 sunt

111 4495 117 4506 '
202 4496 290 4560 ¹Pa1.
304 4498 358 4558 Gr.
375 4495 438 4556 Lib.
454 4492 612 4567 11.p.142.
677 4487 1008 4550 ¹lnlraClass.ll.10.
1070 4487 1173 4569 {Inice
1187 4491 1283 4552 Clare.
1298 4493 1338 4551 ll.
1355 4496 1401 4550 1³.
