3218 5116
196 435 326 498 Iacca.
350 419 452 521 v11.]
769 439 836 498 143

193 609 385 696 βολιιθῑους
421 606 551 678 voturi.
605 605 678 678 Sed
717 607 760 676 in
789 608 859 679 hoc
894 630 1071 679 marmore
1097 630 1178 682 uox
1210 627 1397 703 nunquam

194 759 241 807 eo
259 735 366 806 modo
382 733 564 806 scribitur.
584 745 589 754 '
616 733 696 807 Ter
723 735 884 808 occurrit
910 743 992 831 post
1010 735 1168 809 dativum
1195 735 1399 836 Προτάρχῳ,

193 877 232 937 ct
254 886 441 960 nunquam
470 862 631 959 pluribus
659 887 768 961 quam
801 864 971 937 undecim
1006 864 1117 938 literis
1150 864 1253 938 locus
1283 865 1395 939 relin-

195 996 331 1092 quitur.
380 993 465 1093 ago
478 995 627 1091 *quidem
647 1018 792 1090 semper
817 996 1040 1091 Προβαλιθια
1058 995 1169 1069 scribi
1186 998 1308 1086 credo,
1321 999 1398 1087 scd

195 1147 278 1196 orm
308 1147 465 1196 marmor
493 1124 686 1196 admodum
711 1124 837 1197 tritum
868 1125 926 1211 sit,
953 1124 1041 1197 illud
1072 1126 1289 1200 confirmare
1320 1151 1398 1200 non

194 1256 324 1328 audeo.
399 1255 506 1350 Apud
545 1253 832 1329 Demosthenem
872 1265 1001 1328 contra
1038 1254 1249 1355 Nem&
1273 1256 1397 1331 editur

197 1386 455 1482 Ηροβυλοίωος,
480 1395 517 1457 et
534 1383 572 1456 in
593 1384 785 1480 Aphobum
804 1385 834 1456 Ι.
867 1385 1109 1482 Προβαλίσιος.
1163 1385 1397 1480 Προβαλίσιος

197 1517 234 1588 in
275 1515 399 1612 priore
441 1514 520 1588 ioco
564 1514 602 1588 in
637 1515 756 1589 Codd.
791 1515 885 1589 Ven.
923 1527 963 1589 et
1005 1516 1089 1589 Bor.
1130 1515 1265 1614 legitur
1308 1525 1400 1590 teate

197 1643 361 1741 myrum
393 1643 457 1741 qni
489 1637 599 1717 ctiam
635 1655 759 1718 monet
783 1645 821 1716 in
847 1644 943 1716 aazia
970 1642 1044 1742 legi
1072 1642 1127 1715 rel
1154 1644 1399 1740 Προβαλείσιοε

197 1775 252 1851 vei
271 1777 514 1873 Προβαλίσιος.
568 1777 799 1872 Προβαλίσιον
825 1796 973 1872 quoque
994 1770 1164 1845 scribitur
1182 1771 1221 1842 in
1245 1769 1399 1866 inscrip-

199 1908 299 1984 tione
323 1907 421 2004 apud
448 1907 696 1992 Chanfflerum
710 1906 736 1978 ⁹.

277 2037 319 2110 a.
342 2051 401 2108 αι.
448 2037 550 2127 Quin
587 2034 820 2134 inpetendum
857 2045 940 2128 post
974 2041 1257 2110 nrornrxor
1301 2012 1399 2106 iam

200 2167 366 2264 expedio.
418 2169 642 2262 Προβαλιθιοι
677 2165 713 2236 in
748 2164 770 2234 1.
789 2177 847 2236 22.
879 2161 1051 2236 occurrit.
1096 2159 1245 2232 Nomen
1276 2160 1400 2233 somn

201 2299 312 2394 patris
349 2299 464 2394 (quod
498 2308 617 2368 tamen
654 2294 794 2391 ubique
822 2303 932 2366 antec
959 2289 1147 2382 omissum)
1182 2289 1243 2363 hic
1273 2291 1401 2391 injecit

202 2427 388 2523 Scuiptor.

277 2561 363 2635 Jam
392 2561 554 2658 sequitur
579 2561 659 2658 ipsa
690 2557 880 2656 inscriptio
906 2559 1070 2657 pristimo
1098 2557 1175 2632 fere
1201 2557 1401 2656 integris-ti

204 2693 378 2766 restituta.
441 2669 536 2764 Cum
578 2703 700 2766 tamen
734 2693 831 2764 haud
865 2701 975 2764 amca
1007 2692 1105 2765 edita
1147 2693 1204 2780 ait,
1243 2689 1401 2788 ideoque

205 2819 329 2919 majori
345 2845 432 2894 cum
449 2832 569 2919 egeat,
598 2845 695 2894 meas
713 2821 940 2918 conjecturas
952 2845 1092 2906 omnes,
1109 2822 1274 2918 quamvis
1290 2845 1402 2917 poene

205 2965 333 3042 certas,
371 2967 409 3028 ut
434 2956 548 3032 cuivis
566 2955 838 3054 inscriptionem
859 2954 1064 3056 perlegenti
1083 2957 1231 3052 patebit,
1260 2955 1402 3030 uncinis

204 3085 344 3156 inclusi.
398 3083 611 3159 Notandum
640 3097 694 3158 est
724 3109 879 3158 marmor
905 3083 1087 3182 στοιχηδδν
1112 3085 1287 3180 scriptum
1313 3108 1402 3170 esre.

203 3211 289 3299 alias
320 3223 440 3285 autem
469 3213 583 3287 lineas
608 3213 687 3285 aliis
719 3213 832 3286 multo
861 3213 1045 3287 breviores
1069 3237 1160 3301 esse,
1185 3234 1293 3310 quam
1325 3237 1402 3287 rem
1437 3279 1440 3289 .

203 3346 263 3419 vix
295 3345 333 3419 in
366 3345 438 3418 ulia
470 3346 541 3418 alia
574 3345 807 3442 inscriptione
843 3345 974 3418 notavi.
1044 3343 1113 3416 His
1152 3353 1275 3416 autem
1315 3344 1402 3438 ipsis

203 3473 331 3548 diebus
361 3474 446 3548 mihi
480 3475 608 3549 aliatus
637 3487 690 3549 est
719 3474 910 3548 fasciculus
940 3473 1077 3570 primns
1104 3494 1207 3546 norae
1234 3469 1400 3568 Syllogee

207 3603 502 3701 inscriptionum,
528 3616 678 3678 auctore
712 3603 861 3676 Osanno
892 3601 1101 3677 Professore
1136 3599 1306 3684 Jenonsi,
1340 3599 1404 3696 qui

204 3757 319 3830 pauca
336 3735 381 3808 de
399 3733 467 3806 hac
487 3759 525 3807 re
541 3731 738 3806 annotavit.
791 3732 969 3828 Imprimis
986 3731 1158 3830 Taylori³
1173 3740 1211 3802 et
1228 3727 1403 3802 Viscontii

204 3860 250 3932 de
286 3860 521 3936 marmoribus
552 3858 732 3959 στοιχηδόν
758 3860 940 3958 inscriptis
976 3861 1191 3934 sententiam
1231 3868 1404 3933 memorat

205 3987 259 4061 vir
283 3985 423 4072 doctus,
450 4012 525 4061 rem
550 4015 600 4064 sc.
630 3989 760 4064 iactam
785 4015 862 4063 csse
889 4005 929 4063 ut
954 3987 1166 4064 inviolabilis
1195 3998 1401 4064 servaretur

207 4140 421 4190 marmorum
440 4118 555 4207 'fides
583 4120 720 4218 quippe
754 4123 852 4218 quod
886 4120 1113 4219 inscriptioni
1141 4119 1190 4193 ita
1220 4117 1402 4218 dispositas
1441 4145 1446 4156 ·

241 4392 255 4424 ·¹
279 4387 428 4448 numeru.
471 4410 494 4447 r.
533 4391 628 4450 Neaer.
657 4411 683 4466 p.
712 4399 778 4453 580.
871 4385 1053 4448 'Chandlen
1066 4387 1138 4442 Pars
1153 4386 1190 4442 11.
1205 4405 1231 4458 p.
1246 4393 1293 4444 30.

206 4482 259 4558 (ed.
274 4483 371 4560 Tayi.)
873 4479 884 4510 ³
904 4478 1019 4557 Taylor.
1034 4479 1141 4538 Marm.
1158 4478 1261 4536 Sandv.
1280 4497 1305 4552 p.
1321 4481 1349 4536 8.
