3176 5094
643 417 988 469 rhomborum.

569 574 918 642 erutnotvo

569 689 816 760 ΝΑΥΚΛΟὲ
839 689 931 757 ΚΑΙ

569 798 939 870 ΤΙΜΟΚΡΑΤΟΣ

567 915 1029 985 ΤΟῗΥΟὲΤΟΑΜΦΗ

570 1031 757 1099 ΝΟΡΟΣ

567 1146 977 1215 ΘΡΑΣΥΚΛΕΟΣ.

301 1303 362 1375 An
388 1303 457 1374 hoc
477 1311 563 1372 ante
586 1299 778 1372 Euclidem
799 1299 914 1385 lieret,
944 1301 1075 1380 nescio,
1103 1303 1167 1373 sed
1185 1302 1253 1374 hoc
1273 1327 1429 1376 marmor

226 1433 324 1504 haud
352 1432 485 1503 dudum
512 1440 595 1525 post
616 1432 695 1528 ejus
713 1439 875 1526 tempora
897 1441 1081 1502 exaratum
1110 1443 1175 1516 est,
1203 1454 1284 1502 cum
1316 1433 1352 1504 in
1382 1457 1427 1505 eo

226 1565 263 1632 Ο
278 1564 392 1637 vicem
412 1561 628 1658 diphthongi
641 1566 710 1633 ΟΥ
724 1563 910 1642 sustineat,
939 1564 1036 1657 quod
1054 1562 1091 1633 in
1113 1585 1291 1635 marmore
1310 1561 1427 1633 Sand-

224 1690 361 1764 vicensi
396 1691 531 1761 Lector
563 1689 836 1761 animadvertet.
897 1688 1071 1786 Ejusdem
1108 1691 1184 1763 fere
1220 1690 1335 1762 aetatis
1375 1699 1428 1760 est

156 1849 160 1863 ·
229 1841 383 1890 marmor
409 1818 507 1912 quod
534 1816 752 1916 Hughesius
780 1843 801 1891 e
829 1818 982 1891 Lusierii
1011 1819 1145 1893 Museo
1172 1817 1375 1913 exscripsit,

616 1976 896 2043 ΚΛΕΟΔΗΜΟ
914 2023 945 2040 ..
965 2025 998 2041 ..

609 2090 765 2159 ΤΟΑΡΙ
781 2091 942 2159 ΣΤΟΡ.
960 2140 995 2157 ..

613 2208 723 2276 ΠΡΟ
743 2207 842 2277 ΘΑΣ
864 2207 944 2274 ΙΟ.
963 2257 995 2271 ..

646 2323 721 2390 ΟΜ
743 2323 857 2390 ΗΡΟ.

299 2475 406 2562 Quod
427 2473 547 2568 operis
577 2471 868 2544 distributionem
893 2484 1003 2568 atque
1029 2471 1301 2568 inscriptionum
1329 2473 1423 2546 ordi·

224 2626 307 2676 nem
347 2602 488 2686 attinet,
531 2620 760 2696 quaecunque
803 2596 1066 2698 βούστροφηδόν
1097 2599 1318 2685 scribuntur,
1363 2624 1425 2672 eas

225 2730 386 2830 quamvis
404 2729 622 2801 diversarum
641 2727 880 2822 proculdubio
895 2736 1042 2800 aetatunr
1063 2729 1284 2800 commodius
1301 2730 1424 2824 putavi

181 2865 183 2870 ’
223 2861 261 2934 in
294 2884 402 2932 unam
438 2859 583 2929 classem
619 2879 684 2950 per
716 2879 755 2926 se
785 2855 963 2954 relegare.
1019 2855 1188 2929 Secunda
1217 2859 1339 2932 classis
1369 2858 1425 2930 in·

142 3097 143 3100 Ἴ
225 3000 439 3095 scriptiones
452 3019 590 3084 omnes,
602 2993 732 3090 quibus
748 2995 864 3066 forma
880 2995 1063 3067 literarum
1079 2998 1124 3067 ab
1140 2997 1270 3070 Atticis
1281 2999 1425 3070 diversa

225 3142 294 3218 est,
333 3127 620 3225 comprehendit.
668 3125 799 3198 Atticis
832 3139 952 3198 eutem
986 3125 1099 3198 literis
1128 3126 1301 3224 inscripta
1329 3152 1425 3201 mar-

224 3285 336 3347 mora,
369 3283 452 3356 quae
485 3257 627 3329 tertiam
659 3256 810 3330 classem
842 3256 1017 3343 efficiunt,
1052 3259 1088 3328 in
1121 3259 1210 3329 duas
1245 3256 1425 3330 sectiones

224 3387 339 3476 dirisi,
367 3409 520 3481 quarum
539 3385 576 3456 in
592 3386 704 3458 ultera
722 3386 956 3458 continentur
974 3386 1240 3481 inscriptiones,
1256 3409 1338 3482 quse
1351 3411 1425 3483 quo

222 3517 301 3590 fere
324 3526 488 3609 tempore
515 3511 646 3608 scripta
668 3511 753 3599 sint,
779 3513 866 3586 satis
890 3522 1034 3606 patcst;
1061 3513 1212 3585 alteram
1242 3537 1302 3584 eas
1321 3537 1421 3585 com-

221 3650 506 3747 prehendentem
543 3646 587 3716 de
623 3667 774 3739 quarum
804 3656 972 3738 ternpore
1002 3643 1091 3714 nihil
1118 3654 1288 3714 accurate
1313 3647 1422 3718 statui

222 3787 352 3874 potest.
399 3776 538 3866 Quarta
554 3772 677 3845 classis
695 3773 950 3869 inscriptiones
969 3775 1145 3862 continet,
1172 3799 1267 3871 quae,
1297 3799 1423 3870 quam·

223 3908 276 3982 vis
311 3908 348 3979 in
377 3906 420 3979 iis
453 3903 650 4000 Digamma
679 3914 790 3989 extet,
817 3905 855 3975 in
887 3904 1070 3999 prioribus
1093 3907 1267 3980 classibus
1297 3920 1424 4003 utpote

220 4037 343 4138 paullo
372 4035 514 4109 serioris
539 4035 655 4107 aetatis
686 4036 784 4106 haud
807 4035 1173 4130 comprehenduntur,
1199 4037 1316 4110 omitti
1339 4063 1424 4112 vero

223 4166 261 4240 in
288 4165 438 4264 Sylloge
455 4165 492 4238 in
518 4188 623 4240 usum
646 4163 699 4236 rei
726 4159 1037 4264 Palaeograpbicae
1066 4166 1309 4244 studiosorum
1329 4168 1424 4239 lacta

223 4295 331 4394 plane
366 4307 564 4394 nequeunt.
617 4296 687 4369 llae
720 4297 798 4368 fere
824 4295 870 4367 in
911 4297 1071 4371 dialectis
1105 4301 1162 4372 vel
1198 4301 1333 4379 Dorica
1367 4299 1423 4372 rel

225 4427 394 4509 Boeotica
425 4427 632 4516 scribuntur
665 4451 778 4527 quare
800 4429 838 4500 in
865 4427 991 4502 eodem
1019 4431 1098 4502 loco
1132 4431 1219 4504 alias
1249 4433 1421 4528 quasdam
