3218 5116
163 400 294 466 lusce.
317 397 426 473 Vlll.]
734 401 804 481 207

162 569 350 668 perfecta.
1139 653 1140 657 Ἴ

240 704 259 776 Ι
302 704 387 778 Alie
411 704 596 778 semifacta
625 705 726 803 quod
752 702 1018 804 laevigationem
1046 699 1190 776 attinet.
1580 789 1589 811 ..

242 835 275 905 V
318 835 422 908 Ostia
442 837 666 910 marmoreo¹
694 833 806 936 longa
827 861 884 909 vn
901 835 1002 930 ped„
1028 858 1111 908 curn
1136 834 1258 931 palm„
1288 837 1371 910 latoe
1460 815 1498 848 '¹
1581 805 1589 850 ’ἶ

162 989 192 1036 n
211 965 298 1062 ped.
324 989 408 1038 eum
431 965 603 1052 dimidio;

239 1093 293 1168 lv
349 1093 492 1168 Horum
538 1106 681 1169 caeterae
720 1096 865 1194 quidem
907 1097 1079 1194 perfectis
1119 1107 1223 1187 sunt3
1265 1100 1372 1200 nigra

159 1239 285 1304 sutem
312 1254 489 1304 marmora
514 1229 738 1325 superciliis⁹
763 1229 899 1326 imponi
927 1231 1129 1328 oportebat.

236 1369 255 1440 l
305 1369 466 1442 Ancon³
495 1369 707 1468 hyperthyri
735 1368 911 1443 orientem
937 1395 1062 1444 versus
1088 1367 1309 1443 semifactus.

210 1499 278 1572 111
323 1499 478 1595 lapides
507 1498 684 1574 Pentelici
713 1525 780 1599 pro
807 1525 872 1575 era
890 1500 1043 1602 Thyoei
1072 1501 1175 1600 longi
1205 1503 1369 1598 1vped.,

156 1631 222 1705 alti
250 1655 286 1703 ιι
305 1631 386 1726 ped.
414 1654 497 1704 cum
523 1632 642 1728 palm,
669 1631 780 1706 crassi
804 1657 819 1704 1
839 1633 932 1729 ped„

236 1763 260 1836 1
305 1763 405 1836 Alius
647 1787 651 1796 ·

161 1957 307 1997 mensura.
349 1941 537 2000 intellexerim
553 1947 645 2018 potius
660 1945 742 2025 θύρας
793 1953 838 2002 tus
862 1943 1043 2020 implicantur
1065 1941 1102 2001 ed
1127 1941 1146 1999 S
1169 1938 1319 2021 majusculi
1344 1945 1372 1996 et

161 2032 197 2090 de
211 2035 448 2109 antepagmentis,
464 2034 619 2108 supercilio,
642 2036 744 2110 hyper·
793 2035 904 2114 oblongi
927 2040 1061 2108 sormam,
1083 2045 1111 2094 et
1131 2040 1311 2114 praependent
1330 2037 1372 2094 ab

160 2129 263 2204 thyro,
280 2145 437 2201 coronaque
451 2129 577 2202 ejusdem
598 2128 672 2196 ostii,
691 2127 746 2183 ior·
795 2131 854 2188 ima
873 2151 975 2188 comna
988 2133 1141 2189 secundum
1155 2139 1373 2210 antepagmenta

162 2237 246 2283 tasse
269 2225 447 2299 thyromatos
469 2240 555 2295 supra
574 2239 748 2277 commemo·
797 2225 833 2280 ad
846 2223 1044 2281 libramentum
1057 2225 1106 2280 imi
1122 2229 1270 2298 supercilii.
1303 2225 1374 2283 Con-

164 2318 234 2376 rati.
266 2317 380 2372 'Lucem
395 2315 520 2388 aperient
533 2314 649 2371 sortasse
662 2315 750 2371 artili-
798 2316 867 2374 soles
886 2316 1023 2389 (Gallice)
1043 2317 1128 2374 vertit
1150 2319 1288 2389 Peruenit,
1313 2337 1374 2374 cur-

164 2431 215 2470 ees
232 2411 279 2486 qui
299 2409 327 2466 id
346 2409 450 2467 ostium
471 2408 565 2485 Elgini
583 2407 749 2467 auctoritate
799 2409 1235 2484 dellcosienomcusole(ltalice)
1246 2407 1374 2469 Gallam.

163 2511 280 2584 favente
293 2506 531 2566 delineaverunt?
578 2507 649 2564 Haec
663 2506 747 2566 nimis
800 2507 855 2564 Die
870 2503 1041 2584 Krogsteine
1055 2503 1101 2561 die
1114 2501 1187 2560 auch
1198 2500 1376 2590 seitenrollen

165 2607 271 2666 leviter
286 2604 431 2678 scripsisse
446 2605 537 2662 virum
552 2603 745 2663 doctissimum
796 2601 906 2661 heissen
920 2600 1096 2674 (Teutonice)
1117 2595 1221 2656 Rode.”
1256 2595 1376 2672 Anglice

165 2721 267 2761 omnes
275 2699 439 2776 intelligent.
463 2701 746 2761 Posteasorsanreete
796 2699 914 2758 eandem
942 2717 1002 2756 rem
1030 2698 1124 2755 consol
1149 2692 1244 2751 vocari
1276 2701 1372 2752 monet

165 2798 331 2876 (Cratinum
356 2797 428 2870 apud
451 2796 524 2854 Poll.
548 2797 655 2856 Onom.
675 2798 746 2854 Vll.
801 2793 965 2852 Willrinsius
977 2794 1023 2870 qui
1038 2811 1103 2854 cum
1117 2789 1256 2848 elemento
1272 2789 1375 2849 Graeco

170 2905 240 2956 122.
261 2895 449 2976 παραστάδας
471 2892 515 2948 καὶ
536 2893 664 2970 πρόθυρα
683 2917 745 2949 nor·
800 2892 868 2948 Zeta
882 2896 1037 2961 comparat.
1079 2889 1118 2946 Et
1131 2886 1171 2952 lta
1185 2882 1336 2948 Mulierue.

167 2996 232 3050 κίλα
242 2999 450 3049 memorantem
464 2987 617 3056 advocans)
624 2985 745 3055 pinam
834 2981 1043 3056 ‘inipoopom
1105 2977 1290 3036 Schneidems
1333 2983 1369 3038 ed
1423 3021 1426 3026 Δ

167 3085 391 3162 variegationsm
413 3089 524 3140 tantum
545 3079 680 3154 respicere
696 3097 747 3153 pu·
797 3073 911 3130 Vitrnv.
925 3072 980 3130 IV.
1001 3071 1074 3132 6.1.
1115 3073 1190 3140 “De
1211 3091 1279 3130 voce
1293 3075 1376 3154 telp-

167 3188 220 3238 tat.
264 3179 310 3238 Cf.
329 3178 437 3254 quaede
457 3175 510 3232 hae
529 3193 557 3230 re
574 3187 659 3248 supra
675 3171 747 3228 dixit
797 3171 880 3249 θυρον
889 3166 1009 3226 breviter
1023 3175 1065 3225 est
1075 3167 1235 3225 dicendum.
1272 3166 1375 3225 Pollux

168 3277 213 3332 vir
234 3278 310 3334 doct.
798 3267 821 3329 l.
838 3261 887 3333 76.
928 3265 1043 3346 τδῦπὲρ
1059 3264 1110 3322 ro'c
1124 3263 1206 3346 θύρας
1221 3261 1375 3346 ὑπέρθυρον

210 3369 325 3448 'soom
368 3375 388 3404 “
403 3368 498 3426 Postea
524 3369 621 3443 jenuae
651 3364 747 3423 allo·
797 3363 842 3420 eal
862 3359 1290 3444 ineptiiprov.-ldem7.122.
1333 3363 1375 3421 rei

168 3466 264 3528 manis
308 3466 480 3522 vocabantur
526 3470 745 3540 antepagmenta,
797 3457 937 3542 ὑπέρθυρα
972 3461 1058 3518 etism
1091 3465 1266 3540 ιῖπερτοναία
1300 3463 1376 3520 dictu

170 3562 395 3638 superimposita
417 3562 510 3618 trabes
536 3559 703 3636 capucium
729 3579 748 3614 u
798 3559 890 3620 refert.
950 3559 1093 3618 Homerus
1130 3559 1188 3620 Od.
1223 3560 1293 3621 v11.
1324 3568 1375 3628 90.

172 3657 283 3716 Graecis
317 3657 399 3737 ζνγα.
454 3657 537 3714 Nunc
573 3655 641 3712 nihil
676 3655 748 3713 inter
799 3657 1024 3732 nominatpostes
1033 3677 1098 3714 cum
1111 3656 1375 3736 hyperthyro—ubi

171 3754 322 3830 supercilia
335 3753 568 3831 ethypertbyron
582 3752 747 3824 intercessit,
801 3753 915 3813 Scholia
955 3754 1120 3835 θπερθιίριον
1158 3757 1376 3831 interpretantur

174 3868 247 3908 nunc
290 3857 384 3907 autem
425 3850 562 3924 zophorus
598 3847 748 3924 scalptus.''
801 3853 854 3909 τδν
872 3850 967 3909 ἐπάνω
987 3851 1046 3906 τῶν
1058 3851 1149 3931 θυρῶν
1162 3853 1266 3922 τόπον,
1288 3851 1376 3910 locum

175 3941 305 4003 Wilkins.
349 3943 403 4001 Sed
423 3945 457 4001 de
474 3939 697 4020 antepagmentis
711 3942 748 4002 cl.
799 3949 1016 4024 suprojouuem.
1052 3945 1147 4022 Vulgo
1166 3947 1375 4021 superliminare

175 4059 237 4116 quae
245 4061 329 4115 supra
339 4040 429 4103 attuli.
468 4040 749 4117 SuperciliaAnglice
799 4043 1014 4117 interpretantur
1034 4041 1169 4099 vocabulo
1195 4025 1373 4100 Pliniana-

176 4133 293 4194 hormces
307 4147 452 4195 vocantur.
801 4141 919 4199 Vossius
941 4151 1033 4198 noster
1055 4139 1156 4198 rectius
1178 4138 1278 4214 posuit.
1319 4137 1376 4196 Sil·

220 4233 297 4291 ³oie
330 4236 389 4294 sive
426 4251 526 4292 ancon.
567 4231 750 4290 Schneiderus
802 4237 866 4294 bern
885 4236 954 4294 uach
971 4236 1038 4294 obeo
1055 4235 1104 4294 der
1123 4233 1231 4294 Krane.
1274 4235 1376 4293 Eusta-

178 4332 214 4388 ed
241 4331 355 4390 Vitruv.
381 4331 434 4392 lv.
466 4327 495 4389 6.
515 4339 544 4389 4.
592 4332 750 4388 “Ancoues
802 4333 876 4391 thius
897 4352 1023 4408 superum
1050 4331 1129 4390 limen
1156 4331 1201 4389 cui
1223 4331 1306 4388 cardo
1329 4351 1375 4389 su·

179 4425 751 4504 Philanderinterpreteturmcusulusqum
797 4427 1375 4506 periorjouuoeiueerotur,interpretetur!

179 4521 314 4598 capitibus
332 4523 388 4582 suis
414 4525 443 4583 iu
462 4523 621 4583 volutarum
643 4522 752 4582 anfrac-
802 4523 941 4582 Praeterea
954 4524 1078 4601 appellat
1092 4523 1134 4582 vir
1146 4519 1198 4582 cel.
1212 4530 1275 4598 post
1284 4523 1373 4598 intpp.
