3176 5094
724 385 792 480 (vi)

180 573 252 647 Sed
270 574 359 647 nihil
383 574 453 650 talc
478 573 515 647 in
547 598 670 648 museo
687 574 859 650 Naniano
885 585 993 662 extat,
1017 577 1107 651 nihil
1133 575 1204 652 talc
1221 575 1366 651 Nauius

179 728 338 805 unquarn
361 703 514 802 accepit,
540 715 581 778 ut
596 729 619 779 a
636 705 712 779 viru
738 706 870 780 eximio
895 705 1039 781 Comite
1058 705 1226 804 Tiepoio,
1250 703 1367 782 Nenii

180 859 320 930 socero,
334 837 457 912 didici.
497 835 548 912 Et
572 850 746 935 merea
760 838 1049 937 Petrizzopulus,
1068 841 1165 940 quod
1184 837 1368 919 Bacchius

181 970 268 1046 mihi
287 969 471 1060 indicavit,
488 970 527 1044 in
554 995 621 1046 suo
643 971 765 1046 libello
781 972 974 1048 multorum
991 971 1164 1048 librorum
1180 972 1287 1047 fidem
1304 971 1369 1045 ads

178 1113 296 1193 vocat,
324 1105 396 1202 qui
416 1114 537 1178 minen
565 1104 713 1180 minime
747 1113 882 1180 extent.
935 1105 1033 1198 Quid
1062 1131 1150 1206 ergo
1182 1105 1230 1179 de
1256 1103 1369 1201 ipsius

180 1234 422 1334 Petrizzopuli
448 1234 519 1309 tide
536 1235 776 1336 judicandum
802 1236 848 1310 sit
866 1259 943 1335 ⁴ego
973 1235 1109 1326 nescio,
1133 1256 1216 1309 cum
1242 1255 1370 1308 omues

178 1365 284 1440 amici
315 1364 372 1439 sui
398 1366 445 1438 ad
469 1389 582 1439 unum
611 1365 725 1440 virum
753 1364 924 1442 eximium
954 1391 1035 1444 esse
1064 1367 1198 1442 dicant.
1247 1365 1369 1440 Credo

180 1500 324 1602 quidern
349 1498 561 1573 auctoritate
584 1497 724 1573 eruditi·
740 1498 929 1600 cujusdam>
952 1497 1036 1574 Itali
1062 1498 1191 1588 fretus,
1217 1496 1368 1572 nebulo·

180 1655 263 1709 nem
297 1632 479 1729 quendam
512 1633 671 1707 facetum
704 1632 824 1706 titulus
865 1633 949 1707 istos
982 1632 1154 1708 librorum
1185 1653 1368 1706 commcn-

179 1768 275 1845 titios
310 1759 455 1840 tinuisse
491 1776 532 1840 ut
570 1765 864 1864 Petrizzopulum
899 1768 1035 1842 bonurn
1071 1765 1216 1866 quidem
1266 1763 1366 1839 illum

179 1913 217 1977 at
235 1901 382 1975 minime
399 1900 554 1975 doctum·
568 1899 724 1974 ludibrio
746 1909 914 1976 verteret.
965 1900 1074 1992 Quod
1098 1898 1368 1996 inscriptionem

179 2033 321 2122 attinet,
355 2030 386 2104 si
420 2029 493 2106 ulla
526 2029 613 2104 tides
647 2028 902 2128 Petrizzopulo
934 2030 1104 2104 habenda
1133 2029 1198 2118 sit·
1230 2027 1370 2103 viderat

180 2167 225 2244 E.
239 2167 305 2243 W.
318 2165 525 2264 Moutugue
550 2185 597 2237 ex
613 2162 747 2237 Arabia
771 2164 929 2254 rediens,
954 2162 1186 2262 septuaginta
1203 2162 1282 2238 sere
1304 2161 1369 2235 ab·

179 2301 267 2377 hinc
280 2297 396 2373 annis.
443 2294 558 2369 Haud
572 2317 662 2394 ergo
677 2294 724 2367 ab
740 2293 821 2393 ipso
846 2293 1106 2392 Petricsopulo
1129 2292 1285 2368 conficta
1301 2301 1367 2366 est.

180 2433 231 2506 At
250 2428 323 2522 ille,
352 2427 384 2502 si
409 2449 510 2501 suern
537 2423 644 2500 tidem
675 2423 834 2498 stabilire
862 2423 960 2514 velit,
982 2424 1054 2502 ubi
1072 2422 1236 2524 gentium
1261 2421 1369 2498 hodie

180 2569 290 2650 extet,
310 2581 383 2632 nos
409 2577 558 2630 monere
583 2551 703 2628 debet.

255 2693 298 2766 P.
314 2706 375 2782 92.
410 2687 605 2763 vasculum
635 2685 831 2761 Locrense.
884 2683 1070 2760 anterus
1095 2693 1195 2760 recte
1221 2682 1369 2758 ornniuo

180 2831 225 2904 de
241 2825 397 2902 lectione
421 2823 530 2924 hujus
558 2818 693 2896 vasculi
721 2819 855 2893 statuit.
902 2816 999 2891 Mihi
1022 2815 1148 2910 saltem
1175 2839 1238 2892 vas
1263 2839 1370 2891 accu—

180 2961 291 3038 ratius
309 2971 347 3033 et
361 2956 497 3056 pluries
515 2951 719 3051 inspicienti
736 2941 1009 3017 tastuoxes
1029 2947 1082 3024 ibi
1097 2948 1206 3024 scribi
1227 2946 1369 3046 procui·

180 3092 290 3170 dubio
306 3091 420 3166 visum
442 3098 508 3164 cst.

445 3398 447 3402 ¹
529 3389 769 3451 Auunuua
793 3385 1022 3464 Quianam.

759 3563 789 3636 1.

257 3719 379 3796 Cassia
395 3714 504 3792 hodie
525 3714 563 3788 in
591 3713 725 3789 Museo
744 3712 988 3811 Neapolitano
1010 3718 1228 3798 asservatur,
1245 3709 1371 3808 paucis

183 3855 316 3931 abhinc
332 3850 438 3926 annis
457 3848 565 3924 Paesti
584 3857 743 3944 reperta.
787 3845 844 3922 Ibi
860 3846 946 3946 legi,
962 3856 1004 3920 ut
1019 3843 1135 3943 potui,
1156 3844 1236 3916 haec
1259 3841 1372 3917 literis

183 3981 406 4084 perantiquis
427 3979 559 4077 scripta

568 4102 797 4182 ΕΡΙΦΟΝΑΙ

574 4209 667 4277 ΚΕΜ
675 4209 699 4276 ξ
707 4216 741 4286 -i-
753 4207 861 4277 ΕΝΑΙ

187 4373 313 4447 Plures
328 4370 449 4444 forsan
467 4366 581 4441 litcrae
605 4364 650 4442 su
669 4364 855 4460 utriusque
871 4360 969 4435 vocis
988 4357 1126 4432 initium
1156 4355 1194 4430 in
1220 4350 1369 4428 Casside

184 4506 348 4583 extitere.
401 4535 403 4542 >
