3196 5100
179 349 305 414 insen.
330 345 403 425 IV.]
756 357 826 418 935

343 685 490 768 Cnrss.
519 687 611 768 III.
664 688 791 769 Sncn.
822 687 886 768 Π.
940 679 1094 772 insen.
1123 675 1202 772 IV.

407 917 644 990 MAnMon
686 917 1036 992 ELGINIANUM
1064 919 1133 993 111.

543 1193 550 1203 .
656 1095 750 1155 uun.
773 1094 888 1153 xxix.

685 1290 850 1331 -4—

177 1461 344 1525 Chandier.
361 1459 460 1526 Inscr.
482 1458 589 1544 Auriq.
610 1461 697 1524 Pers.
719 1459 763 1523 ΙΙ.
785 1459 848 1566 Νο..
869 1459 918 1524 ΙΙ.
962 1458 1109 1525 Visconti
1129 1459 1244 1525 Marm.
1266 1461 1373 1546 Eigin.

231 1573 297 1638 No.
313 1581 365 1638 85.
404 1571 525 1637 Biickh.
543 1571 639 1638 Tom.
654 1568 698 1636 [Ι.
718 1595 749 1655 p.
762 1579 832 1636 182.
869 1571 958 1638 Mus.
980 1567 1120 1638 Britcnn.
1133 1572 1205 1638 Cet.
1219 1573 1284 1640 No.
1303 1583 1375 1648 1⁶9.

226 1689 347 1754 Osann.
365 1711 400 1772 p.
414 1695 468 1752 88.

252 1873 385 1961 “Hoc
415 1895 602 1960 marmor'’
632 1896 673 1957 ut
697 1912 721 1958 n
740 1887 948 1960 Chundlcro
973 1889 1144 1961 discimus
1174 1900 1199 1930 ‘¹
1215 1890 1250 1960 iu
1275 1891 1375 1984 puvi-

177 2023 300 2086 mento
341 2014 498 2110 porticus
533 2013 720 2086 Moscheae
759 2037 842 2108 quae
884 2013 922 2084 in
965 2039 1050 2086 arce
1088 2039 1153 2088 seu
1190 2017 1374 2112 Acropoli,

177 2154 357 2237 repertum
391 2147 483 2212 cst.’'
545 2139 666 2211 Hodie
699 2140 737 2210 in
771 2139 871 2210 Mus.
906 2139 1119 2212 Britannico
1152 2149 1254 2212 exuit
1283 2143 1377 2214 inter

177 2293 222 2342 eo
241 2268 512 2364 quibuscomes
531 2264 763 2362 Elginiunus,
787 2289 855 2337 nec
876 2266 1027 2362 premio
1045 2269 1131 2338 sutis
1152 2269 1283 2363 amplo,
1307 2294 1377 2342 nec

176 2397 343 2470 laudibus
377 2395 496 2494 dignis
527 2404 688 2480 ornatus,
723 2394 930 2466 thesaurum
971 2394 1066 2465 iilum
1099 2396 1278 2470 ditaverit.
1330 2399 1375 2474 ln

178 2526 376 2599 Chondleri
401 2527 614 2623 apographo
639 2524 750 2596 mults
774 2525 906 2596 menda
926 2523 1061 2598 Lector
1086 2526 1207 2600 inesse
1229 2527 1377 2602 videbit.

180 2656 285 2745 Quod
310 2665 430 2731 tumen
454 2653 504 2728 illi
526 2654 673 2727 minime
698 2653 785 2727 vitio
810 2657 989 2729 verterim.
1044 2655 1248 2730 Admodum
1276 2659 1373 2732 enim

177 2783 330 2878 pedibus
357 2784 480 2856 tritum
506 2793 751 2864 est'mnrmor,
776 2783 828 2851 itu
851 2792 892 2850 ut
919 2805 1002 2877 ego,
1026 2785 1190 2875 quumvis
1216 2788 1312 2859 haud
1329 2785 1374 2859 iis

177 2909 415 2983 incommodis
435 2931 518 3003 quoe
542 2907 716 2977 victorem
739 2905 878 2998 ubique
905 2904 1182 2994 circumsistunt,
1209 2934 1372 3000 vexarer,

178 3032 368 3126 plurimum
392 3028 563 3122 temporis
584 3029 621 3098 in
647 3027 857 3123 apographo
885 3048 965 3096 meo
986 3028 1156 3101 faciendo
1183 3056 1374 3128 cousump-

178 3167 299 3252 serim,
326 3187 394 3236 nec
420 3162 505 3233 mihi
533 3162 693 3257 denique
719 3159 805 3232 sutis
831 3159 908 3253 ipsc
935 3160 1098 3234 fecerim.
1166 3165 1249 3254 Quo
1275 3193 1374 3243 nuno

179 3292 263 3367 belii
299 3289 598 3387 Peloponnesiaci
629 3312 785 3362 marmor
818 3287 1036 3383 insculptum
1066 3290 1124 3375 sit,
1160 3291 1282 3366 dicere
1314 3295 1375 3368 vix

177 3428 307 3498 audeo.
370 3423 565 3509 Bocknius,
609 3424 672 3518 qui
710 3445 786 3493 rem
833 3419 921 3491 mira
965 3419 1156 3517 diligentia
1196 3429 1374 3516 tractavit,

178 3572 277 3622 anno
300 3548 407 3621 tertio
433 3547 576 3644 Olymp.
595 3567 668 3621 xor.
692 3521 830 3615 tribuit.
889 3541 930 3614 in
957 3568 1001 3615 eo
1019 3567 1118 3617 anno
1142 3548 1238 3622 enim
1257 3545 1375 3622 Pana-

180 3677 347 3750 thenaica
392 3675 573 3748 ceiebrntu
621 3681 718 3757 sunt,
763 3695 970 3768 magnoque
999 3675 1184 3767 ,pecuniae
1232 3689 1377 3776 egestus

180 3805 425 3880 Athenienses
457 3803 601 3878 vexavit
616 3802 639 3887 ¹,
682 3801 781 3872 unde
822 3799 1035 3894 explicanda
1071 3803 1171 3874 venit
1213 3831 1258 3880 ea
1292 3829 1376 3902 pure

182 3933 411 4030 Epigrnphcs
446 3953 520 4026 qua
552 3927 746 4026 pecuniam
782 3925 1058 4000 Hellenotamiis
1096 3939 1221 4003 mutuo
1256 3935 1376 4006 datam

182 4085 261 4133 esse
292 4061 433 4132 dicitur.
499 4057 572 4130 Sed
608 4059 668 4128 hic
701 4079 819 4127 annus
857 4056 977 4139 etiam,
1015 4057 1181 4132 Bdckhio
1214 4072 1379 4149 auctore,

181 4209 264 4261 cum
279 4186 545 4262 undevicesimo
562 4206 660 4255 anno
677 4181 814 4277 periodi
834 4182 957 4274 primae
976 4183 1177 4258 Metonicae
1195 4188 1378 4276 convenit,
1513 4263 1516 4270 ,

628 4395 635 4424 ·
657 4370 934 4463 Thucyu.v'11.29.
