3196 5100
231 389 357 456 lusca.
379 382 434 461 V.]
806 387 878 467 Μ

230 577 355 651 Prima
383 603 465 676 pars
494 579 602 678 buJus
625 579 801 677 ἐκεχειρίας
832 576 993 674 pertinet
1017 577 1065 650 ad
1089 595 1224 678 magau
1248 575 1429 678 mysteria,

227 703 342 781 altera
375 710 422 780 ad
462 707 602 782 minora
649 731 733 805 quse
777 707 1063 782 Antbesterione
1100 679 1227 781 mense
1270 710 1431 788 celebra-

228 837 372 912 bantur.
423 839 508 938 ligo
533 840 690 914 maxime
717 843 764 914 tle
792 837 981 938 utosystts
1005 840 1250 937 cogitaveram
1280 865 1368 939 quse
1393 849 1433 915 et

229 965 444 1042 Gamelione
492 971 549 1066 (ut
592 993 710 1066 nuper
749 966 1012 1057 demonstrauit
1060 978 1099 1040 et
1145 961 1432 1042 Anthesterioue

228 1106 338 1192 atque
385 1098 670 1195 Elaphebolione
712 1112 793 1173 acta
838 1107 946 1184 sunt;
987 1119 1087 1170 nunc
1135 1099 1431 1173 succurrentibus

230 1221 428 1297 minoribus
463 1225 657 1298 Eleusiniis
706 1238 834 1322 sponte
870 1228 916 1297 de
957 1249 1005 1298 ea
1051 1225 1189 1300 decedo
1232 1223 1426 1299 sententia.

231 1351 278 1424 Et
304 1355 355 1426 sic
382 1358 526 1450 quidem
558 1361 626 1431 boc
652 1383 811 1432 marmor
833 1384 899 1455 pro
922 1359 1014 1433 virili
1042 1358 1188 1433 videtur
1216 1355 1431 1430 illustratum

231 1492 346 1556 esse.'’
389 1487 543 1584 Propius
566 1491 613 1561 ad
636 1513 759 1565 verum
777 1491 859 1588 jam
889 1491 1033 1563 accedit
1064 1490 1118 1563 vir
1146 1488 1431 1575 celeberrimus;

203 1612 293 1716 'red
329 1613 416 1687 mibi
449 1617 617 1714 displicet
650 1619 800 1693 omnino
832 1617 869 1690 in
903 1617 1044 1714 aliquot
1077 1614 1194 1688 lineas
1227 1613 1297 1687 ista
1332 1614 1432 1711 plus-

231 1763 337 1836 quam
381 1745 549 1820 undecim
592 1749 776 1822 literarum
823 1747 1004 1846 inductio.¹
1064 1746 1139 1818 Pro
1174 1749 1332 1833 τομίασιν
1365 1750 1434 1819 τῶν

230 1875 389 1964 valterus,
417 1877 491 1974 legi
517 1889 636 1974 polest
659 1875 802 1953 δολοισεν
825 1877 1019 1974 (δούλωσιν)
1037 1884 1105 1950 τῶν
1125 1878 1310 1951 Ἐπόπτου
1332 1881 1431 1976 quod

231 2003 349 2076 minus
384 2031 406 2077 a
450 2009 560 2080 ductu
603 2008 788 2081 literarum
837 2010 982 2081 recedit.
1038 2009 1147 2081 Patet
1192 2032 1350 2106 quoque,
1391 2020 1432 2082 ut

224 2130 302 2226 jam
358 2133 478 2221 video,
534 2137 676 2233 aliquos
730 2139 893 2236 ejusdem
948 2138 1086 2210 ordinis
1138 2163 1182 2211 ac
1232 2141 1432 2218 ἀκολούθους

233 2259 386 2357 intelligi
429 2263 565 2349 deberi,
609 2286 692 2336 cum
727 2265 913 2352 articulus,
948 2266 1073 2340 scdulo
1118 2277 1205 2340 ants
1243 2272 1432 2359 μύστωσιν,

157 2411 159 2416 ’
230 2391 435 2465 &admorso
470 2405 507 2467 et
550 2389 776 2471 ἁκολούθοισιν
810 2397 994 2493 repetitus,
1042 2407 1129 2472 ante
1175 2399 1245 2470 hoc
1282 2399 1431 2474 verbum

231 2541 304 2592 non
340 2531 532 2617 repetatur.
585 2522 717 2598 Servos
749 2547 896 2623 quoque
929 2525 1075 2626 Mystes
1108 2549 1231 2601 secum
1267 2529 1431 2604 attulisse

232 2650 418 2745 probabile
440 2665 506 2728 est.
560 2653 632 2726 Sed
663 2664 703 2727 ut
725 2653 892 2730 brevitati
924 2657 1147 2746 consulatur,
1175 2658 1296 2733 forsan
1315 2661 1432 2762 majus

232 2791 369 2854 tantum
394 2782 600 2876 (Ἐπόπται)
628 2784 787 2878 ponitur,
815 2794 854 2856 et
877 2785 914 2855 in
943 2809 988 2858 eo
1017 2787 1136 2859 miuus
1161 2785 1299 2860 includi
1326 2787 1431 2863 intel·

231 2910 366 3008 ligitur.
422 2910 507 2984 Nec
540 2909 628 2982 milri
667 2909 916 3006 objiciendum
947 2909 1007 2982 hic
1046 2947 1065 2984 ο
1098 2935 1167 3006 pro
1199 2947 1236 2986 ου
1264 2914 1365 3008 poni,
1392 2917 1430 2987 in

231 3063 321 3112 voce
343 3048 465 3110 autem
494 3038 721 3110 ἀκολούθοισιν
738 3035 1005 3130 diphthongum
1030 3037 1140 3129 plene
1165 3040 1287 3112 scribi.
1341 3043 1431 3115 Pro-

233 3165 330 3237 fecto
367 3163 464 3237 nnlla
509 3172 566 3236 est
607 3161 642 3233 in
679 3162 733 3234 bis
778 3161 888 3234 rebus
922 3162 1148 3248 constantim
1186 3185 1296 3260 supra
1334 3166 1439 3245 enirn¹

235 3296 410 3369 habemus
434 3294 548 3368 ἕκοσια
576 3305 614 3366 el
636 3295 751 3368 riroora
777 3315 843 3388 pro
869 3291 998 3365 ἑκούσια
1024 3302 1062 3365 el
1085 3293 1240 3368 ἀκούσια..

309 3422 520 3498 Elmsleius¹
545 3447 665 3519 nuper
689 3422 813 3495 statuit
835 3421 972 3494 dativus
997 3420 1154 3516 plurales
1180 3422 1431 3498 declinationis

233 3552 359 3649 prirnae
401 3552 480 3624 sine
525 3552 599 3627 iota
636 3550 745 3624 scribi
780 3552 940 3635 deberc;
978 3575 1046 3624 nec
1089 3552 1194 3626 aliter
1232 3553 1432 3629 Osannus²

233 3686 296 3782 qui
323 3683 482 3758 Elmsleii
513 3683 642 3758 librum
674 3683 770 3756 baud
799 3682 949 3756 viderat.
1003 3683 1076 3758 Sed
1107 3684 1143 3757 in
1177 3697 1302 3760 nostro
1337 3712 1431 3761 mar-

234 3840 344 3902 more,
373 3816 537 3912 quamvis
558 3816 606 3889 ab
634 3837 758 3888 eorum
777 3823 880 3909 parte
908 3822 978 3886 stet
1002 3816 1118 3887 αὑτεσι
1146 3817 1300 3909 (adrias)
1326 3819 1349 3890 l.
1365 3831 1430 3893 31.

232 3948 377 4021 obstant
399 3955 518 4014 lamen
547 3975 653 4015 τοισιν
674 3943 714 4036 (ἱ.
732 3965 763 4012 e.
778 3931 997 4036 s'nrilrrrncm)
1016 3941 1037 4014 l.
1058 3953 1094 4030 7.
1121 3955 1159 4013 el
1174 3977 1280 4017 τοισιν
1298 3949 1430 4045 (τῇσιν)

231 4081 254 4153 Ι.
272 4089 331 4150 33.
361 4074 449 4174 quin
474 4072 518 4143 iis
544 4073 708 4146 assentiri
736 4071 924 4167 possimus.

274 4295 282 4324 ¹
308 4288 407 4346 lilmsl.
419 4289 453 4345 ad
469 4288 535 4345 Eur.
550 4287 627 4346 bled.
640 4285 708 4342 466.
856 4283 985 4360 mulogici
1002 4283 1102 4358 Magni
1117 4291 1258 4342 auctorem
1273 4305 1301 4360 p.
1317 4289 1366 4370 25,
1385 4291 1430 4342 13.

273 4385 284 4414 ¹
305 4383 415 4444 Osann.
436 4403 463 4458 p.
480 4389 546 4449 109,
589 4381 719 4439 Advorat
736 4379 804 4454 Ety-
854 4381 951 4438 eadem
962 4379 1076 4439 omnino
1090 4389 1268 4439 statuentem.
