3158 5104
503 901 655 989 Ceres.
680 905 745 986 Il.
788 904 943 986 Inscn.
966 891 1018 984 ii6

410 1121 669 1234 ,onnes
726 1117 1095 1196 cominus,

582 1341 674 1398 ΤΑΒ.
697 1341 766 1399 vll.
808 1341 880 1401 Fre.
901 1341 941 1401 11.

693 1551 826 1602 ..φ-

232 1723 366 1814 Hunc
389 1734 544 1808 lebetem
565 1735 682 1835 gnleae
702 1734 882 1831 praeeunti
908 1733 1073 1831 proxime
1098 1730 1237 1832 subjeci
1262 1733 1361 1829 qood

154 1849 286 1954 iiterae,
322 1867 485 1964 quamvis
517 1867 672 1940 tremula
700 1889 809 1938 manu
840 1863 977 1953 incisae,
1014 1857 1174 1964 ejusdem
1213 1863 1361 1965 generis

155 1997 252 2098 typis
280 1997 416 2094 quibus
445 1998 515 2087 illa,
548 1993 714 2072 circulari
734 1995 880 2092 'scilicet
907 2008 944 2069 et
972 1999 1148 2094 quadrato
1180 1997 1363 2096 impressae

155 2151 239 2201 esse
257 2128 461 2202 videantur.
503 2110 571 2202 ¹Er
592 2153 665 2202 aere
682 2111 835 2230 eflicitur
858 2139 895 2202 et
921 2129 959 2200 in
984 2128 1178 2225 sepulchro
1204 2133 1362 2225 quodam

154 2285 274 2358 prope
308 2260 443 2332 Cumae
475 2259 647 2336 inventus
682 2285 780 2334 nunc
815 2261 853 2333 in
889 2284 1013 2333 museo
1048 2261 1199 2333 Ricardi
1235 2261 1362 2357 Poyne

155 2389 308 2491 Knight
329 2389 527 2464 servaturi
569 2393 611 2465 ln
634 2393 762 2466 eodem
783 2393 975 2489 sepulchro
1003 2401 1166 2489 repertus
1191 2400 1247 2464 est
1271 2391 1363 2464 niter

155 2525 257 2598 lebes
273 2525 358 2596 huic
375 2524 511 2611 similis,
536 2493 601 2599 sed
622 2525 874 2624 magnitudine
892 2535 1080 2622 praestans,
1106 2524 1143 2596 in
1169 2547 1244 2621 qno
1260 2521 1363 2596 edin-

154 2667 298 2754 guntur
321 2654 485 2726 homines
515 2655 612 2726 circa
638 2664 768 2726 metam
798 2666 999 2729 currentes.
1052 2653 1162 2728 Unde
1188 2655 1364 2754 augurari

156 2785 241 2860 lieet
275 2797 313 2858 et
341 2786 439 2857 huno
466 2797 504 2858 et
528 2765 627 2858 illum
647 2786 776 2860 victori
804 2787 959 2878 cuidam,
985 2787 1080 2862 ludis
1102 2787 1246 2876 habitis,
1265 2789 1363 2862 dono
1426 2758 1429 2766 Ι

158 2949 239 3000 esee
258 2925 372 2998 datos.
426 2923 643 3022 Legendurp
663 2905 815 2999 videtur.

230 3057 384 3132 'Ero-roto
408 3055 617 3142 'Ovopn'or'ov
640 3055 707 3146 (sc.
730 3058 815 3149 ’γυνὴ
838 3057 894 3130 vel
918 3059 1090 3157 θυγάτηρ)
1116 3065 1179 3132 τοῦ
1206 3059 1360 3157 Κειριλὲο

155 3188 230 3282 (rei
253 3181 424 3271 Φειδιλεος
459 3185 516 3258 hic
544 3183 642 3258 enim
674 3195 715 3256 ut
740 3184 778 3258 in
802 3186 912 3282 priori
941 3188 1055 3278 titulo,
1084 3187 1181 3262 inter
1208 3195 1242 3262 D
1265 3199 1301 3266 et
1328 3197 1358 3262 P

155 3321 217 3396 vix
234 3320 410 3420 distingui
428 3330 558 3416 potest,
576 3329 613 3394 et
625 3317 731 3393 litera
750 3329 776 3394 κ
794 3321 830 3392 in
848 3346 936 3395 voce
952 3322 1063 3410 ’έθηκεν
1080 3321 1264 3424 effingitur
1280 3323 1358 3400 iere

157 3463 198 3524 ut
214 3451 262 3549 Φ)
280 3455 387 3526 ἆθλον
401 3451 523 3538 ἔθηκεν.

427 3768 431 3779 ι
569 3669 577 3700 ¹
601 3675 674 3750 Eph.
690 3673 783 3754 Clup-
799 3677 821 3738 i.
837 3697 864 3756 p.
878 3684 950 3738 328.
