3176 5094
222 378 290 452 xlvi
653 393 994 446 racanaousna.

298 553 384 627 Jam
412 550 533 622 forsan
559 548 630 620 alia
662 549 828 645 quaedam
863 550 909 622 de
942 548 1075 656 Graeco
1105 548 1289 622 scribendi
1322 575 1423 625 more

223 685 397 756 adnotare
422 704 446 751 a
471 703 511 752 re
537 679 634 752 baud
655 677 783 750 aberit.

175 779 180 790 ι
298 810 553 906 Reduplicatio
579 809 762 916 literarum
784 809 881 904 apud
910 809 1079 904 antiquos
1104 805 1270 894 Graecos,
1301 818 1342 880 ut
1369 809 1420 883 ri·

224 943 340 1028 detur,
362 940 422 1010 vix
447 947 526 1011 crat
546 937 584 1009 in
608 961 687 1010 usu.
733 936 779 1008 ln
803 935 892 1009 Elea
915 936 974 1007 illa
998 932 1138 1007 Rbetra
1158 935 1309 1025 ἀλάλοις,
1331 938 1418 1035 'yps‘-

223 1097 328 1154 μενος,
353 1065 391 1136 in
410 1089 587 1140 marmore
611 1066 790 1140 larissaeo
812 1063 1001 1151 Ἱπομέδων,
1027 1067 1064 1136 in
1089 1065 1201 1164 Sigeo
1220 1075 1418 1165 Προκονεσίο

221 1198 396 1273 videmus.
450 1197 509 1268 De
542 1221 614 1294 qua
641 1222 680 1270 re
711 1198 761 1269 ita
794 1193 1021 1295 Knigbtius.¹
1078 1197 1188 1268 “Ars
1221 1198 1418 1287 scribendi,

224 1333 308 1403 dum
332 1353 412 1400 rara
439 1330 558 1402 adbuc
588 1340 664 1402 erut
688 1339 726 1400 et
752 1352 773 1400 a
796 1329 920 1424 paucis
942 1336 1054 1424 atque
1078 1327 1119 1398 iis
1143 1327 1241 1400 haud
1268 1353 1289 1402 e
1314 1331 1419 1405 trivio

224 1456 463 1544 homunculis,
491 1458 683 1542 intellecta,
711 1482 783 1530 non
810 1481 876 1554 pro
904 1458 1003 1556 vulgi
1022 1468 1129 1553 captu
1157 1460 1418 1549 exercebatur,

223 1593 439 1666 acdeorum
471 1591 534 1686 qui
559 1614 603 1662 ea
630 1589 781 1662 scientia
809 1589 951 1684 praediti
980 1599 1084 1662 erant
1107 1599 1147 1662 ut
1178 1614 1262 1686 quse
1291 1615 1421 1667 manca

224 1729 261 1792 et
280 1727 408 1789 trunca
436 1726 557 1787 essent
583 1715 690 1788 facile
717 1713 877 1810 suppleri
899 1726 1059 1810 possent.
1112 1715 1185 1803 Qut
1212 1717 1420 1792 scribebant

223 1848 358 1942 itaque,
395 1843 565 1917 brevitati
612 1844 864 1941 indulgebant,
906 1855 942 1916 et
985 1844 1104 1916 literas
1146 1845 1307 1944 singulas
1353 1872 1420 1944 pro

221 1976 330 2064 binis,
358 1986 394 2047 et
410 1975 546 2069 duplici
569 1985 745 2071 potestate
766 1973 928 2069 praeditis
945 1983 1084 2045 tantum
1104 1997 1175 2046 non
1195 1975 1231 2045 in
1250 1976 1418 2050 omnibus

222 2107 505 2190 adhibuerunt.”
552 2106 594 2176 ln
626 2103 686 2177 tali
717 2127 756 2174 re
789 2128 811 2174 a
841 2103 1018 2201 Knigbtio
1049 2125 1235 2198 nunquam
1265 2106 1334 2178 nisi
1362 2108 1417 2180 in·

222 2235 316 2311 vitus
342 2235 511 2322 discedo;
540 2236 602 2307 sed
627 2233 742 2308 literae
773 2234 934 2332 ejusdem
965 2233 1143 2329 repetitio,
1171 2259 1245 2332 quo
1273 2237 1417 2334 syllabae
1500 2212 1508 2226 ’

224 2365 360 2438 scilicet
378 2367 431 2439 vis
457 2389 521 2438 aua
537 2377 647 2462 atque
665 2365 776 2436 robur
800 2363 990 2454 tribuatur,
1016 2373 1160 2436 aetatem
1180 2368 1415 2441 recentiorem
1509 2345 1514 2350 Ι

224 2506 262 2569 et
289 2495 405 2594 magis
434 2495 612 2566 excultam
645 2493 733 2565 mibi
765 2493 928 2566 redolere
957 2494 1120 2580 videtur;
1162 2518 1230 2567 nec
1261 2496 1336 2569 reri
1363 2509 1418 2573 est

224 2621 338 2695 simile
365 2645 542 2694 marmora
568 2647 649 2695 cum
680 2623 726 2694 ad
751 2621 1006 2718 rempublicam
1038 2625 1247 2720 spectantia,
1274 2635 1350 2699 tum
1378 2630 1415 2701 in

223 2751 378 2850 publicis
415 2753 503 2827 locis
545 2753 674 2847 posita,
713 2763 753 2824 ut
781 2753 827 2825 ab
860 2751 1028 2824 omnibus
1069 2763 1328 2847 spectarentur,
1366 2760 1416 2831 ita

222 2910 301 2960 esse
324 2885 495 2980 inscripta
513 2895 553 2956 ut
577 2907 684 2956 nemo
702 2882 772 2956 nisi
799 2880 1093 2978 quiconditiorls
1111 2898 1208 2960 esset
1230 2891 1414 2977 doctrinae,

222 3016 279 3089 vel
307 3016 431 3115 legere
459 3016 515 3088 vel
545 3015 748 3114 intelligere
781 3028 915 3112 posset.
966 3017 1052 3103 seo,
1088 3028 1133 3090 ut
1161 3019 1214 3108 tit,
1252 3023 1415 3098 homines

224 3167 410 3239 nunquam
439 3146 586 3216 nodum
602 3153 761 3232 smvant,
784 3155 820 3216 et
836 3145 975 3234 Graeci,
1003 3147 1067 3242 qui
1092 3146 1268 3244 imprimis
1294 3154 1416 3246 pauci-

223 3276 358 3362 oribus,
381 3285 510 3371 postea
535 3274 697 3372 pluribus
718 3297 827 3372 quam
850 3277 1052 3372 opurmerit
1072 3278 1186 3351 literis
1209 3281 1415 3355 utebantur.

223 3407 334 3480 Unde
351 3407 581 3500 Τελέσστας’,
605 3407 859 3506 Ἁρισστόδαμος
869 3409 893 3496 ³,
919 3405 1228 3508 'Accrbmrlodupos
1236 3414 1265 3499 ⁴,
1287 3414 1416 3510 Ἁρισσ.

224 3539 428 3632 τογεὶτωνὸ,
453 3541 711 3640 Ἁρισστοφᾶνης
725 3541 752 3628 ⁶,
778 3534 917 3614 ciborio*
938 3542 975 3611 in
1001 3541 1236 3615 marmoribus
1255 3547 1414 3620 exlanl⁸.

225 3670 332 3758 Quod
357 3683 478 3744 tamen
506 3674 628 3746 nescio
654 3697 700 3745 an
727 3673 765 3744 in
792 3671 864 3746 ulla
884 3672 987 3745 litera
1014 3681 1147 3766 praeter
1170 3675 1200 3748 Σ
1226 3675 1299 3752 liat.

267 3934 418 4008 ¹Knigbt.
459 3934 567 4010 Proleg.
606 3936 641 3991 ad
676 3933 794 3994 Homer.
886 3931 1270 3992 ⁵clan.11.1nscr.x1x.

226 4044 377 4086 cuxxm.
884 4025 896 4060 ⁸
913 4023 1006 4084 Class.
1019 4043 1059 4086 11.
1081 4025 1171 4084 Nuus.
1187 4032 1288 4087 xxo

262 4119 441 4180 ²Class.rr.
463 4122 550 4182 laser.
565 4141 626 4182 vm.
884 4118 1003 4178 'lnscn
1027 4123 1101 4197 apud
1129 4122 1249 4199 Wslpol.
1283 4123 1311 4180 iu
1339 4123 1413 4199 pr.

264 4214 276 4247 ⁸
298 4215 445 4294 Inscriptio
464 4217 531 4278 Ms.
550 4220 625 4296 apud
638 4219 792 4278 Founuon·
844 4215 936 4276 Class.
951 4234 998 4274 xv.
1012 4237 1039 4292 p.
1049 4213 1118 4276 456.

225 4311 302 4368 tium.
880 4311 959 4394 {Cb
986 4309 1099 4372 Biiclrb.
1122 4313 1186 4372 lud.
1214 4313 1292 4376 Lect.
1346 4313 1415 4374 Hib.

262 4403 403 4466 *Mans
418 4407 565 4482 Elaion
848 4403 1143 4484 san-noema.
1255 4415 1259 4422 ·
