3218 5116
775 339 845 416 1⁵6
1182 340 1335 436 [cassa.
1349 349 1413 418 111.

217 537 339 601 umen
374 524 485 621 longe
516 519 675 594 distabat
705 518 853 616 Jupiter
886 516 991 594 Arcis
1022 527 1160 606 custos,
1196 521 1256 598 cui
1298 522 1416 620 primo

218 665 343 728 tnums
372 651 515 724 victima
539 648 746 745 procubuit.
798 648 885 724 darn
905 647 1119 722 introimus·
1138 673 1205 744 por
1236 651 1414 745 porticum

219 782 444 880 hexastyluur
463 780 501 854 in
524 781 641 876 ipsum
662 777 923 866 Ercodtdeunr,
950 803 1033 876 quta
1050 778 1151 855 celica
1173 803 1256 876 pars
1274 781 1414 876 reliqua

219 913 297 985 aede
334 909 444 1004 vlu.
479 907 770 1004 podibus-altior
804 919 872 980 est.
926 907 1078 986 Inerant
1108 932 1182 980 arie
1216 907 1414 982 Erechthei

218 1037 402 1134 Neptuni,
430 1037 538 1115 Butoe
569 1047 607 1110 et
637 1034 799 1122 Volcani,
825 1035 911 1107 item
942 1033 1076 1112 tabula
1100 1035 1147 1108 ab
1176 1035 1416 1126 Eteobutadis

218 1169 349 1268 parieti
366 1167 495 1249 offixae.
548 1165 687 1261 Neque
716 1187 776 1252 ea,
800 1189 883 1262 qum
909 1162 977 1238 s'ub
1003 1189 1090 1240 ares
1110 1178 1230 1254 erant,
1250 1166 1414 1263 profana.

132 1309 135 1318 '
221 1301 266 1376 1n
292 1303 361 1375 bac
386 1301 483 1376 enirn
509 1302 617 1378 domo
645 1300 882 1393 subterranea
904 1299 1065 1395 sepultus
1091 1324 1172 1406 eope
1198 1300 1312 1374 fertur
1338 1301 1415 1396 ipse

220 1425 487 1503 Erichthonius
502 1425 527 1513 ¹,
556 1448 664 1522 quem
704 1426 854 1506 deorum
895 1423 1044 1506 nurnine
1078 1435 1203 1498 natum
1233 1424 1342 1498 iidem
1376 1425 1414 1496 in

220 1557 338 1630 sinum
368 1577 473 1626 suum
500 1564 736 1647 receperant:
764 1553 858 1624 sicut
882 1577 990 1630 omne
1017 1552 1123 1627 vitale
1149 1554 1278 1628 eodem
1309 1547 1413 1638 redit,

220 1683 318 1760 unde
343 1693 462 1758 ortum
489 1692 599 1778 atquc
624 1704 854 1782 progressum
882 1691 974 1759 est.”
1190 1669 1195 1680 ⁸

297 1818 321 1847 “
334 1807 463 1882 Habet
475 1820 596 1884 autern
611 1833 655 1888 ea
673 1811 774 1884 cciiae
787 1835 868 1908 pars
884 1811 1041 1908 speciem
1059 1812 1137 1892 fere
1151 1815 1362 1911 quadratam
1378 1824 1416 1892 et

218 1943 446 2026 latitudinem
480 1941 628 2023 XXIV.
663 1944 807 2020 circiter
838 1948 985 2042 pedum,
1021 1949 1127 2023 nimis
1162 1972 1344 2048 magnam,
1383 1951 1414 2023 si

219 2073 401 2152 continuis
435 2075 613 2173 lapidibus
645 2076 854 2154 transversis
877 2086 1132 2171 superductam
1174 2102 1253 2151 ease
1292 2080 1412 2179 tingis.

219 2208 357 2286 Verum
376 2211 555 2286 columne
576 2224 680 2292 erant
695 2213 1044 2308 supposito-tectum
1064 2215 1304 2290 susdnentes:
1333 2240 1414 2312 quse

86 2321 88 2326 ’
219 2351 339 2414 utrurn
373 2343 601 2439 bypostyium
637 2367 684 2419 an
719 2344 946 2440 bypaethrum
980 2343 1179 2432 effecerint,
1214 2347 1414 2444 dijudicare

218 2473 380 2548 nondum
406 2471 581 2544 audeo⁸.’'
661 2561 665 2568 Ι
1192 2495 1198 2504 ’

293 2605 318 2638 “
332 2595 430 2668 Hinc
448 2595 597 2668 ulterius
611 2598 782 2694 progredi
800 2577 1016 2695 nequimus:
1051 2605 1281 2682 Revertimur
1303 2623 1414 2708 atque

219 2749 264 2800 ex
285 2725 400 2798 altera
424 2736 527 2822 parte
556 2750 622 2824 per
649 2723 826 2824 port'icunr
856 2734 1026 2829 majorem
1056 2737 1243 2816 intramus.
1296 2745 1415 2819 Obvia

217 2854 372 2950 primurn
400 2879 469 2928 oro
493 2858 566 2931 turi
593 2859 772 2933 adolendo
799 2861 915 2956 posito
941 2875 977 2936 et
1004 2889 1182 2948 rnarrnnre
1201 2873 1414 2950 Pentheiico

217 2980 381 3079 insignis.
434 2983 610 3066 Porticus
640 2998 760 3062 autern
795 2989 913 3086 ampla
946 3002 983 3064 et
1013 2999 1168 3090 spatiosa
1199 3012 1237 3073 et
1267 3002 1413 3102 fastigio

193 3122 275 3222 'cst
306 3115 449 3202 decora,
486 3119 584 3210 quod
620 3130 776 3214 quatuor
807 3123 984 3204 columnis
1017 3125 1177 3218 fulcitur,
1214 3133 1344 3230 quibus
1374 3135 1411 3208 in

217 3243 353 3315 utrovis
379 3243 491 3316 latere
518 3247 671 3342 singulae
694 3251 824 3325 additae
853 3277 934 3326 curn
959 3261 1146 3350 parastatis
1175 3274 1310 3336 tectum
1337 3290 1412 3340 sus·

206 3367 348 3442 tinent.
404 3367 503 3443 Hinc
522 3372 617 3447 ostio
640 3377 724 3450 satis
743 3402 876 3476 magno
895 3381 932 3454 in
953 3380 1209 3464 Pandroceum
1225 3393 1410 3481 intramus,

218 3500 319 3584 unde
347 3499 394 3570 ad
421 3497 534 3596 ipsius
565 3505 641 3578 deae
668 3507 927 3581 sanctuardwn
958 3513 1051 3586 viani
1083 3515 1285 3616 dirigimus.
1335 3521 1412 3595 Ob·

219 3651 364 3708 scurum
394 3628 495 3710 vides
525 3636 696 3712 conclave
731 3634 893 3732 undique
927 3629 1123 3735 parietibus
1158 3657 1313 3742 septum,
1341 3673 1412 3748 quo

217 3755 343 3828 lumen
361 3780 427 3853 per
442 3760 620 3854 porticum
638 3773 676 3834 et
694 3764 941 3838 Pandroscum
961 3767 1115 3844 fractum
1138 3783 1174 3846 et
1191 3777 1410 3850 emarcidum

220 3908 321 3986 aegre
354 3877 432 3960 sese
467 3886 638 3964 insinuat.
691 3889 829 3992 Neque
862 3905 983 3969 tamen
1015 3898 1239 3996 bypaetbrunr
1271 3897 1412 3977 arcanis

261 4133 270 4165 ¹
291 4133 422 4193 Clemens
432 4133 518 4196 Alex.
534 4115 650 4196 Cobort.
664 4137 699 4194 ad
713 4146 788 4214 gent.
840 4139 940 4198 extulit
950 4141 1084 4216 (Travcis
1095 4144 1133 4204 11.
1149 4155 1177 4206 3.
1192 4165 1220 4222 p.
1233 4145 1305 4218 496.
1317 4093 1417 4208 ciser-

221 4225 256 4283 T.
272 4226 296 4282 1.
316 4247 345 4302 p.
359 4235 408 4296 29.
422 4229 451 4285 b.
467 4229 548 4304 Sylb.
649 4259 651 4262 ·
840 4234 967 4323 Morbles
993 4247 1041 4307 17.
1068 4259 1096 4313 p.
1117 4247 1181 4318 395)
1206 4242 1283 4317 cujus
1312 4243 1412 4302 vellem

260 4321 271 4352 ¹
292 4315 543 4376 EduardusClsrir.
553 4319 617 4376 binc
626 4323 788 4383 columnam
839 4347 1000 4412 mensurant
1026 4333 1188 4410 indicasset,
1217 4346 1248 4396 ut
1270 4338 1412 4418 liquidius,

222 4410 369 4470 marmoris
399 4409 529 4469 Laconici
553 4412 660 4487 (Vcrde
687 4417 789 4493 antico)
839 4425 884 4481 ubi
906 4425 996 4500 posita
1016 4424 1106 4502 suerit,
1128 4442 1278 4499 constaret.
1353 4477 1357 4485 ‚
