3218 5116
171 362 326 430 rasos.
350 360 464 441 vm]
706 335 715 342 “
777 366 847 428 sos

261 537 428 638 Cymatii
446 561 510 612 sex
526 506 638 635 pedes
657 536 754 610 haud
771 536 964 628 elaborati;
987 535 1157 636 astragali
1174 545 1258 610 octo
1275 539 1396 634 pedes.

260 671 282 744 1
344 670 425 745 Alia

260 801 468 876 Semifacta
486 803 584 900 quod
601 801 866 901 laevigationem
884 803 1026 879 attinet.

169 947 191 974 '
258 933 322 1007 lv
365 934 590 1008 Coronarum
611 957 694 1030 quse
711 941 765 1006 “a
777 944 882 1033 tergo
897 941 982 1006 sunt
1001 931 1161 1028 porticus
1177 935 1251 1010 sive
1268 933 1398 1022 Stoae,”

169 1090 184 1118 ¹
224 1069 400 1163 (“supra
435 1065 659 1138 Porticum’'
695 1063 767 1159 Μ.)
804 1076 923 1163 partes
958 1065 1078 1164 longre
1115 1091 1151 1140 rv
1183 1071 1277 1164 ped,
1312 1068 1396 1141 latas

172 1227 225 1278 111
260 1204 367 1300 ped,
401 1225 533 1274 crassae
556 1224 598 1274 ιι
624 1199 746 1298 palm„
782 1200 958 1298 laevigatae
991 1208 1076 1272 sunt
1102 1199 1180 1273 sine
1207 1205 1395 1299 scalptura.

260 1336 308 1408 ll
355 1334 581 1434 Angulares²
610 1334 677 1426 (sc.
709 1357 864 1420 eoronae‚
902 1333 976 1406 sive
1012 1335 1252 1434 suggrundae)
1287 1359 1396 1432 super

171 1481 188 1521 ³
218 1467 415 1566 porticum
451 1489 534 1565 quae
568 1463 745 1538 orientem
782 1471 930 1559 spectat,
963 1463 1085 1561 longae
1115 1487 1153 1535 vr
1180 1463 1278 1558 ped,
1313 1463 1395 1536 lata

172 1623 226 1672 ιιι
258 1599 365 1695 ped„
388 1619 470 1670 cum
496 1596 645 1670 dimidio
659 1595 682 1686 ³,
706 1619 838 1668 crassae
863 1619 887 1667 v
914 1593 1019 1690 palm.
1062 1649 1067 1658 .

260 1725 413 1800 Harum
439 1727 586 1801 alterius
614 1728 704 1801 laeve
733 1750 824 1823 opus
857 1725 929 1820 (vel
960 1725 1156 1824 laevigatio)
1184 1723 1393 1822 perfinitum

176 1873 309 1936 totum
335 1872 456 1935 autem
474 1860 668 1959 cymatium
695 1870 733 1931 et
748 1857 949 1957 astragalus
967 1859 1064 1933 haud
1086 1858 1269 1932 elaborata
1290 1869 1393 1944 sunt:

177 2002 340 2076 alterius
367 2012 442 2073 tres
472 2001 583 2094 pedes
614 1997 760 2095 cymatii
789 2016 879 2067 eum·
899 1997 1047 2071 dimidio
1079 1999 1204 2072 infecti
1231 2013 1327 2089 sunt,
1357 2009 1395 2072 et

179 2133 359 2230 quinque
385 2125 496 2224 pedes
522 2126 702 2222 astragali.

271 2263 292 2335 1
345 2263 464 2358 Super
489 2258 661 2366 parietem
688 2258 935 2334 Pandroseum
963 2279 1085 2329 versus

229 2450 244 2483 2
269 2441 772 2519 Mendosehic,utopinor,Sculptor
865 2437 899 2498 L.
930 2435 1097 2500 156-165.
1133 2433 1224 2499 Locus
1252 2445 1397 2500 vexatissi-

183 2551 322 2618 γωνιαῖο.
364 2544 411 2600 De
428 2541 547 2601 Coronis
561 2541 662 2617 agitur.
703 2540 769 2598 Vox
821 2555 908 2595 mus
935 2535 1123 2594 Numeruml
1145 2535 1174 2592 in
1193 2536 1395 2598 l.156.nenro

185 2649 290 2697 autern
313 2645 410 2710 γεῖσον
436 2638 559 2696 neutrius
583 2643 626 2694 est
653 2637 769 2712 generis.
820 2634 955 2712 inlepide
971 2633 1048 2694 vidit.
1093 2635 1148 2692 Sed
1165 2632 1194 2690 in
1214 2634 1316 2692 Latina
1334 2653 1396 2695 ver·
1432 2645 1440 2656 ‘

189 2735 274 2810 Ergo
284 2734 417 2792 debuerat
426 2732 617 2804 ΛΟΝΙΑΙΟ,
633 2743 661 2791 et
671 2743 769 2808 postea
821 2734 897 2792 sione
914 2733 1006 2808 posuit
1021 2731 1199 2789 Chandlerus
1215 2749 1298 2806 quem
1313 2733 1394 2791 hodie

187 2827 548 2886 nENTEssAtnz‘ro.
591 2829 676 2884 Redit
692 2830 766 2885 enim
819 2831 942 2905 sequitur
990 2827 1163 2886 Wilkineius.
1228 2828 1306 2886 lnlra
1357 2832 1394 2889 ad

187 2923 291 2982 atatim
318 2923 377 2998 (lin.
404 2929 485 2994 150.)
513 2941 598 2993 genus
626 2931 767 2991 neutrum,
820 2923 921 2984 tros.
937 2921 1114 2982 Clrandlerus
1133 2922 1225 2999 posuit
1236 2923 1265 2979 in
1285 2925 1394 2986 Grecis

188 3017 306 3080 rotinere
339 3021 393 3076 τοῦ
424 3017 537 3098 ἐτέρου,
572 3015 617 3072 ubi
655 3015 689 3072 de
724 3015 769 3071 his
821 3018 904 3076 lllll.
944 3017 1049 3074 omittit
1089 3033 1184 3077 autem
1232 3021 1393 3081 Wilk'rnaius

188 3115 263 3192 ipsis
303 3109 482 3188 angularibus
523 3109 630 3167 coronis
669 3109 769 3182 agitur.
821 3115 1026 3192 gt‚1nejudice‚
1042 3128 1124 3188 recte,
1140 3136 1204 3174 cum
1219 3118 1281 3174 haec
1295 3119 1329 3174 ad
1340 3120 1394 3192 pri.

189 3207 316 3267 Pluralis
336 3206 449 3284 quidem
468 3223 599 3263 numerus
617 3203 765 3280 aliquandO
820 3234 895 3272 orem
911 3213 1071 3272 columnam
1087 3215 1224 3290 pertinere
1238 3215 1393 3274 videantur.

188 3325 260 3364 curn
281 3303 357 3360 duali
380 3305 556 3380 conjungitur
576 3303 624 3360 sed
645 3303 691 3361 hie
716 3302 766 3359 ha·
817 3309 958 3372 Mullerus
1007 3311 1100 3370 locum
1144 3309 1311 3383 156-169‚
1353 3313 1393 3372 ita

189 3406 293 3462 bemus
316 3399 427 3461 ἓκποδε.
466 3408 609 3474 *ίγωνιοῑο
638 3399 674 3460 cl.
707 3401 764 3459 tab.
816 3409 908 3478 vertit,
929 3410 996 3466 “ad
1014 3409 1146 3484 parietem
1163 3412 1311 3471 Pandrosei
1326 3433 1392 3488 par·

191 3515 305 3558 xxm.
323 3508 348 3557 1.
363 3499 391 3558 k.
406 3502 434 3554 3.
448 3499 477 3556 h.
494 3505 522 3558 4.
538 3496 575 3557 t.”
617 3497 732 3558 Mulier.
814 3504 851 3562 tis
870 3523 980 3562 coronae
999 3503 1089 3582 longos
1110 3507 1164 3566 duc.
1187 3506 1391 3584 leveopusin-

233 3600 245 3632 ³
267 3594 414 3674 τετάρτου
427 3593 583 3665 η’μιποδίον.
613 3593 658 3649 De
672 3593 766 3669 hujus·
815 3599 974 3668 choatum‚'’
996 3601 1042 3660 ubi
1056 3613 1179 3659 mentem
1196 3603 1248 3659 uiri
1263 3602 1390 3661 doctissi-

190 3692 269 3752 modi
281 3690 463 3748 locutionibus
482 3709 566 3766 usque
581 3689 615 3746 ad
630 3707 764 3746 nauseam
815 3695 856 3751 mi
871 3695 946 3752 haud
960 3695 1048 3770 capio.
1092 3695 1121 3753 Si
1141 3699 1297 3756 numerusl
1316 3709 1390 3756 reete

191 3789 286 3863 lntpp.
306 3785 342 3842 ad
365 3785 580 3846 Herod·1·5⁰·
624 3783 669 3840 Cf·
692 3782 763 3842 ΡΟῙῙ·
815 3801 880 3854 ante
907 3813 989 3850 uoces
1016 3793 1081 3852 'Est
1109 3793 1161 3853 ndu
1190 3805 1294 3877 τοῖχον
1322 3815 1388 3854 con-

188 3887 247 3944 lX.
276 3891 325 3944 54.
369 3886 527 3961 Didymum
553 3884 589 3941 ad
618 3883 706 3942 Prisc·
734 3903 763 3958 P·
815 3893 953 3964 stituatur,
986 3893 1048 3968 ejus
1076 3891 1267 3968 interpretatio
1304 3893 1387 3968 plane

195 3989 283 4042 1350.
305 3982 372 4056 (Ed.
395 3981 523 4054 Putsch.)
814 3986 892 4044 malo
915 3995 977 4056 est:
1012 3987 1083 4064 quod
1117 3988 1169 4046 nisi
1199 3987 1258 4058 fiat,
1293 3986 1387 4047 locum

234 4083 284 4148 *ἡ
319 4086 380 4138 λεῖα
416 4079 465 4148 μὲν
491 4075 623 4158 ἐργᾶοιο.
683 4079 766 4136 Men·
814 4103 880 4141 rum
896 4103 929 4142 eo
947 4083 1073 4141 ordinare
1090 4101 1204 4159 nequeo,
1225 4079 1385 4142 valsaltem

194 4178 258 4235 dose
283 4177 329 4236 hic
360 4174 483 4252 sculptor
514 4201 527 4234 s
551 4175 613 4248 spei
645 4175 764 4254 ἐργᾶοιο
816 4182 957 4240 latendum
984 4191 1027 4242 est
1054 4199 1136 4239 voces
1158 4179 1253 4256 portis
1279 4199 1386 4241 cor-once

195 4275 299 4332 addidit
321 4283 349 4333 et
375 4274 448 4333 infra
473 4271 494 4332 l.
524 4279 589 4334 153.
616 4272 714 4355 ἀργόν,
737 4282 767 4332 ut
816 4276 874 4334 sine
907 4295 991 4336 causa
1025 4277 1142 4355 injectas
1170 4295 1240 4336 esse.
1283 4276 1386 4340 Postea

195 4371 312 4443 videtur,
333 4391 382 4449 pro
402 4369 497 4454 ᾰργόο.
542 4371 658 4431 Mecum
676 4373 704 4430 ia
721 4371 765 4431 his
815 4375 894 4434 deest
920 4395 1049 4436 numerus
1082 4383 1145 4434 ente
1180 4373 1282 4434 lineam
1316 4372 1384 4436 160.

195 4465 501 4529 consemitMiillerus.
816 4469 870 4528 nisi
890 4469 945 4527 huc
968 4471 1093 4530 retrahas
1115 4487 1262 4530 numerum
1283 4471 1295 4530 l
1319 4479 1384 4538 ante
