3218 5116
803 355 871 442 176
1200 362 1344 442 [Crass.
1369 361 1440 426 ΙΙΙ.

166 543 171 554 ’
248 538 367 614 verbis
380 541 404 612 ¹:
446 539 534 612 dom
568 535 702 636 uliquis
742 536 782 608 io
825 533 996 607 lacunari
1030 530 1233 627 cymatium
1267 531 1444 606 tasum

25 633 26 674 ³
156 707 158 712 ·
247 669 298 740 ud
321 689 487 740 nonnam
513 664 728 762 triquetram
753 663 913 755 erigut.''

322 793 526 866 “Lumine
536 795 793 892 fenestrarum
825 791 862 862 in
893 787 1029 884 pariete
1059 787 1259 860 Pandrosei
1287 799 1361 860 tum
1390 787 1442 858 ob

247 922 442 1018 simplicem
471 931 834 1020 antepagmentorum
865 890 1083 1014 elegantiam
1110 928 1187 988 turn
1215 917 1261 988 ob
1289 917 1438 988 formam

247 1049 503 1147 pyramidalem
530 1074 627 1145 saepe
655 1059 912 1131 memorantur,
939 1069 1022 1142 qure
1043 1055 1283 1117 contracturae
1305 1044 1441 1116 colum·

248 1202 374 1250 narum
401 1181 497 1251 haud
524 1177 762 1251 disconvenit.
806 1177 879 1248 Sed
904 1197 1019 1267 nuper
1043 1172 1177 1245 ostium
1198 1171 1321 1267 majus
1343 1171 1440 1242 Pan·

248 1308 378 1393 drosei,
405 1308 503 1404 quod
531 1305 667 1378 Turcae
697 1304 818 1375 adbuc
849 1302 1008 1376 clausurn
1038 1309 1277 1386 servaverant,
1306 1299 1439 1394 Elgino

247 1436 370 1509 comiti
404 1447 569 1531 apertum
604 1434 729 1530 patuit,
756 1444 793 1506 et
824 1450 963 1504 summa
993 1427 1169 1502 artificum
1203 1427 1438 1500 admiratione

246 1575 283 1636 et
312 1565 429 1636 studio
463 1572 664 1658 spectatum
695 1573 732 1633 et
763 1561 1001 1633 deformatum
1030 1561 1115 1630 est⁹.
1185 1557 1333 1631 Utinam
1360 1559 1435 1656 jam

246 1688 382 1784 pictum
409 1688 671 1760 exhibuissent.
714 1685 831 1785 Cujus
857 1711 902 1759 eo
926 1686 1061 1783 majore
1083 1708 1231 1758 moveor
1250 1684 1438 1772 desiderio,

247 1840 320 1913 quo
355 1815 592 1912 insigniorem
628 1815 936 1913 exspectationem
967 1814 1074 1886 affert
1094 1812 1282 1908 inscriptio
1307 1824 1436 1885 nostra.

247 1943 431 2016 Memorat
462 1945 558 2019 enirn
580 1943 651 2018 ὦτα
687 1947 709 2016 i.
736 1970 766 2017 e.
797 1966 957 2016 anconae
991 1968 1020 2015 s.
1051 1941 1241 2036 parotidas,
1278 1963 1360 2036 quae
1391 1941 1436 2012 ab

245 2070 466 2167 hyperthyro
501 2071 683 2169 utrimque
714 2093 895 2167 suspensae
929 2070 1108 2142 videntur.
1161 2067 1436 2164 Simplicissimae

246 2224 299 2273 eae
328 2209 472 2273 exstant
502 2199 539 2274 in
568 2204 742 2300 sepulcris
770 2199 953 2285 Telmissi,
981 2201 1043 2272 sed
1077 2198 1204 2272 nullibi
1228 2199 1435 2282 ornatiores,

246 2354 353 2428 quarn
401 2329 439 2402 in
490 2331 733 2403 monumentis
783 2329 1010 2426 Palmyrenis
1025 2327 1047 2399 ³.
1117 2327 1250 2400 Forma
1298 2350 1438 2422 semper

244 2462 382 2533 eadem.
448 2459 515 2531 Est
544 2459 677 2554 duplex
715 2461 849 2544 voluta,
874 2459 986 2530 altera
1021 2459 1135 2557 major
1168 2459 1281 2531 altera
1308 2458 1436 2543 minor,

244 2586 317 2656 leni
341 2584 435 2655 flexu
462 2584 679 2679 conjuncta.
733 2585 886 2657 Eosdem
912 2609 1085 2672 ancones,
1109 2609 1181 2658 non
1212 2587 1258 2656 ad
1285 2608 1438 2680 perpen-

244 2711 401 2782 diculum
430 2711 493 2783 sed
520 2714 564 2783 sd
591 2712 747 2786 libellam
776 2713 942 2800 directos,
971 2715 1153 2787 Corinthii
1179 2715 1326 2812 generis
1352 2738 1437 2786 auc·

244 2846 340 2907 tores
362 2839 637 2933 adoptaverunt,
666 2863 756 2935 quos
783 2863 933 2920 coronae,
954 2840 1214 2938 subjicerent.'’
1393 2927 1400 2936 ι

320 2965 638 3066 “Hyperthyrum
672 2969 707 3040 in
747 2969 874 3042 eodem
910 2993 1087 3042 marmore
1124 2970 1278 3069 legimus
1309 2971 1439 3067 lapillis

192 3195 194 3200 ,
244 3101 358 3199 nigris
375 3103 550 3199 impositis
568 3127 649 3176 esse
667 3104 887 3176 decoratum.
924 3103 1031 3193 Quod
1046 3105 1203 3199 pertinet
1218 3108 1264 3177 ad
1280 3105 1436 3201 priscum

242 3234 454 3330 variegandi
476 3235 646 3322 studium,
672 3236 710 3308 in
736 3261 808 3333 quo
833 3237 1032 3332 sculptores
1054 3237 1150 3308 baud
1176 3235 1287 3312 fuisse
1310 3237 1436 3334 magis,

245 3383 350 3456 quam
377 3363 605 3458 architectos,
632 3376 772 3438 constat
797 3367 890 3439 inter
915 3367 1072 3438 omnes.’'

321 3491 471 3565 Miilleri
500 3493 783 3590 ¹disputationem
815 3494 977 3590 quamvis
1013 3495 1213 3592 longiorem
1250 3496 1438 3592 exscripsi,

245 3647 324 3696 cum
358 3625 436 3721 ejus
452 3622 582 3694 librum
614 3624 653 3695 in
681 3624 869 3699 Britannia
886 3623 942 3699 vel
968 3624 1040 3697 duo
1057 3619 1113 3697 vel
1137 3649 1245 3698 uerno
1264 3626 1440 3713 noverint,

245 3754 406 3848 quamvis
433 3778 476 3825 ea
502 3754 663 3827 doctrina
689 3755 852 3829 abundet
877 3778 957 3850 quae
979 3753 1169 3828 maximam
1197 3756 1356 3829 auctoris
1377 3778 1440 3826 ex-

244 3883 482 3979 pectationem
511 3899 747 3962 commovent.
861 3986 865 3996 Ι

283 4090 292 4122 ¹
315 4092 529 4164 Ontaporroroic
551 4115 596 4168 ap.
617 4092 724 4150 Polluc.
745 4092 814 4148 Vll.
866 4112 894 4166 p.
907 4099 956 4152 25.

244 4189 293 4249 27·
311 4191 379 4246 lan.
400 4186 446 4242 ubi
459 4185 633 4244 scribendum
648 4184 756 4240 videtur
906 4185 1046 4258 'Ancora
1075 4195 1107 4247 ut
1129 4197 1196 4261 puto
1219 4183 1350 4260 apposita
1372 4183 1440 4240 Vic-

246 4273 361 4333 -ἆλλᾶ
368 4272 417 4348 μέν
428 4299 469 4333 ris
481 4277 611 4350 Λέσβιον
622 4277 814 4354 perscripturus
866 4279 937 4338 toria
963 4281 1089 4356 insignit,
1120 4279 1150 4336 in
1178 4278 1285 4354 regione
1315 4259 1438 4334 Fmtdli

246 4367 814 4452 Ktn’tvemrtuostrespaos'npoopon.
866 4380 999 4447 repertuS,
1028 4373 1176 4432 exhibetur
1209 4393 1226 4432 a
1260 4373 1298 4432 Τ.
1333 4369 1438 4430 Combe

287 4453 533 4520 'Memorandum
578 4464 612 4520 ds
660 4465 814 4542 Elginisnis
867 4469 973 4528 British
996 4469 1128 4528 Museum
1145 4473 1167 4530 1.
1190 4489 1218 4545 p.
1232 4470 1304 4528 XV.
