3158 5104
743 383 793 468 77

497 803 732 888 Cornell.
775 806 927 890 Inscn.
947 805 1030 892 IX.

430 1051 569 1124 VAS
635 1048 1091 1124 HOPIANUM.

526 1329 529 1336 ,
600 1293 762 1355 TAB.1X.
787 1294 857 1352 1²10.
873 1293 914 1355 11.

693 1519 827 1614 -4-

163 1779 319 1886 'Christie
353 1783 572 1907 Disquieition'
591 1846 633 1887 on
668 1822 820 1891 Etruscan
860 1823 970 1904 Vnees,
1004 1821 1093 1888 Pref.
1125 1845 1159 1906 p.
1175 1829 1212 1890 5.
1248 1775 1352 1888 Minio

362 1933 509 2002 Peinture
531 1939 586 2002 des
612 1937 723 2021 Veres,
740 1937 788 2005 11.
815 1965 849 2026 p.
866 1949 924 2014 95.
956 1937 1037 2004 Tab.
1056 1935 1154 2004 LXI.
1265 2003 1266 2006 ,

242 2229 327 2313 Vns
346 2233 466 2309 fictile
483 2233 675 2334 Agrigenti
696 2243 892 2332 repertum,
909 2223 1020 2307 hodie
1033 2233 1131 2330 apud
1154 2229 1354 2306 Dominum

164 2365 282 2466 ·Hope
315 2369 432 2443 virum
462 2367 637 2468 elegantis
664 2367 805 2469 ingenii
831 2366 925 2440 foma
956 2363 1249 2440 florentissimum
1281 2389 1357 2439 eer-

162 2511 287 2574 rntur.
339 2497 474 2598 Literre
501 2498 728 2597 perantiquae
754 2514 849 2584 sunt,
875 2507 914 2571 et
933 2498 1113 2572 rarissimo
1138 2517 1207 2570 usn
1230 2495 1357 2571 Pictor

172 2655 305 2704 nomen
324 2629 483 2702 suumin
502 2652 586 2702 vose
604 2627 742 2702 effinxit
753 2652 766 2717 ς
801 2629 906 2729 cujus
932 2628 984 2704 rei
1003 2627 1071 2701 trie
1086 2627 1265 2726 exemplo>
1281 2627 1354 2724 (ro-

172 2761 342 2834 centioris
372 2762 573 2846 autemut
599 2757 757 2848 videtur,
780 2758 864 2852 aevi)
894 2760 990 2856 opud
1020 2756 1202 2832 Miliinum
1231 2758 1356 2834 obser-

173 2893 265 2968 vavi.
326 2892 474 2966 Asteos¹
511 2890 656 2982 seilicet,
692 2892 877 2966 hosimus*
902 2903 939 2965 et
978 2890 1192 2987 Calliphon³
1224 2889 1357 2964 inridre

172 3027 288 3101 etatis
312 3036 523 3122 potestatem
549 3025 620 3098 hoc
641 3026 747 3099 modo
761 3049 937 3124 superare
953 3034 1119 3122 potuere:
1151 3021 1218 3094 ··In
1232 3023 1356 3098 Artem

162 3157 332 3242 momine,
369 3157 468 3253 quod
502 3157 714 3243 notandum,
747 3165 780 3232 Σ
804 3155 1022 3254 duplicatum
1056 3164 1126 3241 est,
1158 3152 1263 3254 cujus
1298 3155 1357 3229 rei

172 3287 275 3386 ploro
300 3285 466 3382 exempla
492 3285 753 3383 infre-posui.⁴
781 3323 784 3332 =

248 3416 343 3489 Cum
362 3413 631 3512 inscriptionem
654 3440 738 3516 qoae
763 3407 863 3514 prius
890 3413 1022 3488 hocin
1049 3415 1132 3488 loco
1156 3413 1296 3489 steterit
1319 3411 1357 3488 in

167 3547 395 3645 superiorem
424 3547 571 3622 classem
597 3550 762 3650 relegare
789 3549 905 3649 megin
929 3550 1156 3622 commodum
1184 3529 1360 3638 duxerim,

174 3693 213 3754 et
245 3681 297 3754 ita
338 3681 435 3754 hanc
475 3680 646 3780 peginam
688 3683 912 3788 typographo
952 3704 1074 3754 rursus
1112 3679 1258 3754 tradere
1291 3680 1360 3756 sim

174 3824 335 3902 coactus,
354 3815 448 3887 hanc
465 3815 693 3894 occasionem
710 3827 849 3904 noctus,
869 3838 981 3888 unum
999 3826 1035 3888 et
1054 3814 1204 3888 alterum
1226 3839 1300 3906 vor,
1320 3817 1360 3890 in

168 3947 273 4045 quod
297 3957 380 4043 post
407 3947 588 4046 reliquum
616 3972 707 4046 opus
728 3949 940 4046 impressum
965 3947 1164 4038 inciderim,
1188 3949 1246 4021 hic
1274 3971 1358 4024 oum

175 4073 333 4150 Lectore
350 4059 637 4154 communicabo.

224 4335 234 4366 ¹
257 4336 352 4396 Millin
376 4338 504 4400 Peinture
524 4342 573 4401 des
594 4343 697 4416 verses,
715 4342 739 4408 1.
842 4337 970 4402 ³Mi11in
989 4341 1117 4406 Peintore
1135 4343 1185 4404 dm
1208 4341 1314 4418 vases‚-
1333 4344 1361 4411 1.

196 4473 207 4490 .
221 4441 268 4496 10.
814 4481 823 4498 .
877 4483 887 4504 ,
1029 4453 1033 4468 “
1339 4452 1344 4463 ’

167 4453 195 4508 Ὤ
226 4527 237 4560 ¹
258 4529 299 4588 Id.
313 4529 378 4589 ibid.
404 4551 430 4608 p.
449 4539 498 4592 88.
794 4459 812 4518 p
837 4446 920 4598 {⁸OE
935 4535 1027 4598 Closs.
1043 4534 1086 4596 11.
1105 4535 1289 4608 lmenxrrc.
