3188 5102
852 387 925 446 314
1261 384 1416 476 [Cunus.
1438 394 1481 456 V.

167 573 176 586 ·
285 505 605 606 concelebrabunt
648 535 802 632 Hyeme,
822 550 862 611 ut
880 564 924 612 ex
942 540 1160 638 Thucydide
1178 568 1288 640 supra
1305 551 1481 620 advocato

284 685 394 769 patet,
423 676 555 748 Delum
590 673 791 754 lustrabant
824 683 1069 755 Athenienses
1102 695 1138 756 et
1171 699 1299 782 postea
1331 688 1481 761 Deliam

284 803 592 901 redintegrabunt,
632 809 764 879 mensis
802 809 1061 907 Thargelionis
1105 824 1206 886 sexto
1252 818 1478 912 septimoque

284 934 422 1022 diebus,
464 938 492 1008 si
533 937 696 1010 Bdclslrio
731 939 835 1010 fidem
870 941 1033 1028 adhibes,
1072 945 1157 1039 quia
1191 947 1241 1017 illi
1275 948 1405 1020 Dianae
1440 959 1479 1020 et

281 1065 459 1160 Apollinis
488 1069 625 1140 natales
652 1067 727 1140 dies
756 1069 911 1140 essent¹.
962 1073 1058 1142 “A'd
1083 1073 1287 1147 tolerandos
1313 1088 1476 1171 sumptus

282 1197 345 1290 qui
375 1197 410 1268 in
434 1198 477 1269 iis
499 1197 656 1269 cultibus
681 1197 819 1268 fiebant
844 1199 1002 1284 maximi,
1031 1201 1321 1298 quotiescunque
1342 1204 1478 1275 rediret

281 1329 469 1426 religionis
515 1329 716 1415 celebritas
760 1328 866 1401 toties
912 1331 949 1400 in
996 1331 1273 1402 commentarios
1316 1332 1475 1403 retulere

282 1457 347 1530 viri
382 1458 414 1529 ei
448 1459 598 1554 negotio
632 1456 795 1550 praefecti
829 1455 1013 1558 quicquid
1045 1467 1107 1529 out
1143 1481 1190 1529 ex
1233 1457 1319 1529 fisco
1358 1481 1472 1544 soem,

281 1600 344 1662 aut
369 1615 415 1662 ex
442 1589 668 1684 singulorum
696 1588 918 1682 patrimoniis
947 1599 1011 1658 aut
1039 1611 1083 1659 ex
1113 1612 1187 1660 aere
1214 1590 1471 1671 damnatorum,

282 1741 348 1788 usu
383 1725 420 1786 et
452 1714 665 1786 auctoritate
699 1715 845 1808 publica
878 1716 1178 1809 suppeditaretur.
1223 1715 1278 1787 Ea
1312 1738 1399 1786 cura
1428 1717 1472 1787 ad

282 1843 522 1915 Athenienses
538 1841 952 1935 praecipue-spectasse
973 1842 1179 1913 videtur⁹.''
1225 1841 1270 1912 ln
1290 1841 1473 1912 marmoris

179 2059 187 2077 θ
282 1971 394 2044 nostri
426 1969 519 2041 facie
553 1967 669 2063 prima
704 1981 951 2042 memorantur
985 1993 1067 2042 cum
1100 1970 1263 2043 civitates
1297 1981 1373 2042 tum
1404 1971 1474 2064 pri·

282 2105 377 2191 vati;
413 2109 586 2200 quantum
620 2104 667 2173 ad
701 2103 794 2174 harre
822 2103 1035 2200 religionem
1071 2101 1205 2199 singuli
1244 2103 1472 2187 contulerint,

282 2213 456 2331 quantum
481 2231 642 2304 nonnulli
661 2229 886 2302 Delictorum
911 2230 1056 2302 nomine
1083 2229 1228 2315 luerint,
1251 2238 1287 2301 et
1304 2229 1472 2325 denique,

281 2363 434 2436 Reditus
462 2362 563 2433 sacri.
607 2362 649 2432 ln
678 2359 784 2456 hujus
807 2358 925 2430 lateris
954 2358 1094 2453 reliqua
1122 2369 1224 2453 parte
1250 2360 1295 2428 de
1319 2357 1474 2451 pecunia

280 2485 443 2584 impensa
460 2489 591 2585 agitur.
630 2487 831 2557 “Secunda
849 2486 958 2558 facies
978 2487 1023 2556 de
1039 2486 1147 2558 lentis
1164 2485 1370 2558 nominibus
1387 2487 1471 2582 agit,

279 2627 318 2689 et
334 2617 495 2688 similiter
511 2641 532 2686 a
552 2615 713 2709 Rebusp.
732 2615 881 2702 orditur,
901 2617 1032 2686 deinde
1054 2615 1273 2710 privatorum
1291 2615 1474 2688 hominum

280 2745 438 2818 rationes
461 2743 627 2838 pertexit,
656 2767 808 2839 quorum
837 2767 917 2815 cum
945 2745 1018 2815 duo
1034 2743 1105 2814 sint
1126 2766 1275 2838 genera,
1296 2753 1361 2814 stit
1380 2743 1474 2814 enim
1592 2781 1593 2814 r

271 2877 318 2962 ¹in
354 2884 489 2968 partem
527 2884 628 2946 erant
663 2873 811 2945 obaerati
843 2884 906 2945 aut
940 2874 976 2944 in
1008 2873 1173 2961 solidum,
1216 2871 1295 2945 illos
1326 2898 1350 2944 a
1382 2872 1476 2946 linea

279 3007 395 3102 prima
412 3006 458 3075 ad
475 3013 610 3076 sextam
632 3015 810 3092 recenset,
836 3015 907 3084 το
930 3014 1070 3081 τοκο
1091 3014 1158 3081 οκ
1184 3014 1472 3088 ,ammonam
1591 2973 1592 3014 ³

279 3135 345 3206 hos
367 3157 388 3203 a
415 3143 516 3205 sexta
540 3134 585 3204 ad
604 3133 813 3230 vigesimam
840 3145 876 3205 et
895 3135 1048 3222 tertiam,
1074 3145 1181 3211 ΤΟΝ
1209 3143 1384 3211 Toron
1411 3144 1474 3213 Ol(

282 3273 563 3343 ΑΡΕΔΟΣΑΝ.
617 3263 705 3334 Post
738 3263 1000 3356 aliquantulum
1037 3267 1141 3360 spatii
1177 3266 1290 3337 literis
1325 3289 1473 3337 menum

279 3391 457 3476 relictum,
484 3401 520 3462 et
548 3412 675 3461 exorsa
703 3389 800 3462 linea
831 3389 1004 3486 vigesima
1030 3403 1068 3463 et
1107 3401 1244 3488 quarta,
1277 3389 1475 3462 instituitur

280 3547 373 3596 nova
407 3522 576 3617 periodus
612 3542 695 3616 quae
729 3521 775 3591 de
811 3519 951 3591 mulctis
983 3520 1021 3592 in
1047 3513 1189 3619 judicio
1225 3523 1473 3593 damnatorum

280 3655 441 3725 nondum
467 3661 587 3722 tamen
606 3649 796 3743 persolutis
814 3650 901 3747 agit,
931 3675 1004 3745 qua
1020 3650 1212 3722 desinente
1230 3647 1254 3719 l.
1277 3661 1352 3736 30„
1381 3649 1474 3722 simi·

278 3791 362 3863 liter
411 3790 480 3861 alia
527 3810 608 3882 quae
651 3785 827 3858 redituum
872 3809 1053 3860 sacrorum
1096 3809 1255 3870 censum,
1298 3785 1474 3881 Apollinis

280 3943 410 4015 nempe
435 3917 704 4014 patrimonium,
732 3914 922 3990 instituere
950 3915 1157 3990 videtur⁸.”

352 4055 524 4123 ΤΟΚΟΣ
554 4045 612 4116 hic
654 4043 842 4116 manifesto
879 4047 924 4118 de
962 4047 1104 4118 loenore
1143 4041 1310 4138 pecuniae
1351 4051 1473 4114 mutuo

278 4181 371 4251 datoe
398 4174 532 4248 eliseo
559 4197 660 4248 sacro
687 4173 830 4262 dicitur.

317 4434 326 4464 ¹
348 4427 759 4506 Diog.taert.11.44.1n.u.
785 4457 790 4466 ·
850 4427 859 4460 ¹
880 4428 993 4505 Taylor.
1006 4449 1034 4504 p.
1051 4437 1097 4489 10.
1180 4427 1192 4460 ⁸
1212 4427 1435 4505 Teylor.p.10.
