3218 5116
188 411 318 478 Issen.
343 406 456 487 v111.]
489 404 496 416 '
738 437 742 446 ·
765 413 835 490 189

192 585 450 682 (“praecipuus
471 592 526 654 est
549 581 745 679 Zophorus
763 593 879 656 totum
902 583 1066 658 ambiens
1087 607 1109 658 e
1130 607 1217 659 saxo
1239 584 1386 661 Eleus.'’

192 713 268 806 M.)
297 715 356 787 cui
392 697 595 813 infiguntur
624 713 891 812 imagunculae;
933 723 1009 789 “et
1031 716 1108 813 jam
1140 719 1289 815 ponitur
1320 723 1389 804 (sc.

193 848 207 888 ¹
234 869 390 920 marmor
408 846 548 939 Eleus.)
567 869 675 943 supra
697 845 862 945 epistylia
879 846 1018 922 illarum
1040 851 1288 928 columnarum
1307 877 1389 951 quae

192 976 368 1052 mentone
385 975 515 1074 parieti
535 976 754 1074 Cecropium
769 986 935 1052 versus.”
988 977 1163 1059 Wilkins.

270 1115 322 1188 IV
366 1114 626 1191 Columnarum
661 1139 683 1186 e
724 1115 890 1211 pariete¹
936 1117 1138 1194 extantium
1175 1119 1388 1214 (“nondum

194 1245 448 1320 collocatarum
463 1249 483 1279 ''
513 1245 589 1341 M.)
625 1247 722 1356 haud
754 1249 842 1322 secti
873 1258 970 1334 sunt,
997 1273 1171 1326 mersura
1206 1273 1339 1323 exorsa
1368 1275 1392 1323 a

194 1379 349 1456 Voluta'
367 1403 451 1480 prere
467 1383 562 1456 intus
580 1389 645 1471 est,
666 1381 888 1484 singularum
912 1393 984 1457 tres
1001 1385 1112 1481 pedes
1126 1382 1311 1460 dimidiati.
1384 1431 1391 1438 -

270 1511 450 1613 Epistylii,
468 1514 568 1613 longi
585 1538 658 1588 vm
673 1514 756 1610 ped.
775 1538 884 1612 super
900 1514 1074 1613 parietem
1094 1513 1235 1590 Notum
1254 1539 1390 1601 versus,

194 1733 265 1775 voce
280 1715 458 1784 inseraris,
479 1733 564 1790 quam
582 1733 633 1789 pro
649 1711 766 1772 ἕννστν-
814 1712 933 1771 tentiam
949 1723 1074 1771 mutasse
1088 1732 1134 1770 me
1151 1719 1257 1772 monet.
1300 1711 1392 1768 Punc-

194 1816 261 1871 m'ev
275 1814 394 1887 positam
408 1818 488 1886 putat
502 1808 666 1868 Willrinsius
680 1809 767 1867 advo·
815 1821 876 1871 turn
891 1819 954 1886 poet
967 1810 1164 1891 Πανδροσενόν
1177 1808 1273 1880 deleri,
1288 1817 1316 1866 et
1330 1817 1394 1883 post

195 1927 263 1966 cans
272 1907 480 1983 inscriptionem
491 1907 564 1980 apud
574 1903 767 1962 Chandlerum
817 1902 943 1978 κειμένων
954 1905 1116 1981 ponijubet,
1128 1905 1169 1963 its
1177 1913 1248 1964 ntea
1257 1923 1315 1964 vox
1326 1921 1392 1960 cum

193 2005 320 2084 (Proleg.
345 2007 510 2080 pirrum)
529 2003 576 2060 ubi
597 2002 768 2058 νποστατδν
818 2000 1038 2073 precedentibus
1048 2003 1193 2076 jungatur,
1211 2012 1239 2059 et
1251 2020 1335 2068 sensu
1349 2000 1391 2058 in-

195 2120 246 2177 pro
271 2100 332 2158 basi
357 2097 478 2173 ponitur,
514 2095 586 2152 unde
608 2093 770 2151 ἐπιστητὸν
819 2093 934 2150 sistendi
961 2096 1123 2167 accipiatur.
1177 2097 1326 2155 Columnae
1350 2117 1392 2156 ec.

194 2195 336 2255 contrario
363 2208 446 2248 seusu
470 2187 543 2245 sumi
565 2203 646 2261 posse
666 2193 770 2254 censet,
806 2185 918 2264 ,parieti
944 2185 1076 2244 insistunt
1102 2190 1198 2244 eodem
1226 2191 1311 2248 modo
1337 2208 1392 2265 quo

196 2291 308 2350 nullum
342 2295 437 2344 autem
464 2283 623 2359 exemplum
658 2281 771 2356 profert.
823 2277 989 2352 Caryatidas
1003 2277 1106 2351 pluteo.
1140 2279 1214 2336 Mox
1222 2299 1305 2340 voces
1318 2301 1332 2338 e
1342 2299 1394 2354 pu·

198 2387 277 2446 Cum
292 2394 386 2443 autern
401 2381 482 2440 hodie
500 2380 530 2438 in
548 2379 680 2456 Zophoro
694 2385 771 2436 extat
822 2373 894 2433 riete
917 2373 1069 2432 extantium
1094 2374 1179 2431 deleri
1194 2377 1285 2451 jubet.
1339 2375 1393 2434 Sed

196 2499 326 2540 marmor
347 2476 531 2547 Eleusiniam,
559 2475 644 2552 (quod
664 2492 771 2551 quoque
822 2489 925 2530 novam
952 2489 1011 2528 rem
1036 2489 1053 2528 a
1074 2489 1149 2529 nove
1174 2471 1248 2530 linea
1274 2471 1394 2530 exordiri

194 2581 277 2639 docet
306 2577 428 2637 Leakius
458 2576 583 2653 Topogr.
612 2575 719 2636 Athen.
741 2593 769 2651 p.
824 2571 915 2644 credo,
929 2570 1084 2647 ubicunque
1101 2567 1209 2628 numeri
1230 2570 1265 2626 ad
1282 2568 1394 2627 initium

196 2671 279 2748 264.)
302 2675 388 2732 alium
408 2672 547 2750 quendam
571 2687 685 2732 sensum
704 2671 769 2730 huic
822 2671 905 2730 lineae
918 2679 1076 2728 occununt.
1110 2667 1198 2728 Linea
1211 2663 1261 2732 67.
1276 2667 1394 2727 diverse

196 2769 260 2828 voci
288 2768 370 2828 tribui
402 2768 513 2844 nequire
540 2766 615 2825 idem
646 2767 690 2824 vir
717 2764 769 2826 rel.
823 2777 865 2829 est
879 2767 987 2826 lanuae.
1031 2766 1080 2824 Nil
1094 2784 1159 2842 ergo
1173 2765 1294 2825 mutavi.

198 2863 305 2922 statuit.
336 2862 400 2922 Nec
413 2864 494 2922 aliter
513 2861 663 2920 Miillerus.
698 2861 773 2920 Con·
860 2863 1047 2936 ’Ἀνθέμνον
1083 2861 1253 2940 Hesychius.
1280 2861 1395 2942 γραμμή

193 2958 313 3035 jecturis
347 2957 441 3014 nullus
477 2956 555 3012 locus
589 2965 649 3022 est3
691 2954 773 3012 aliter
822 2954 1021 3020 rrrinrsoerlris
1035 2957 1138 3012 irruis
1152 2959 1236 3014 κίοσι.
1277 2953 1394 3016 Helices

198 3073 264 3112 curn
300 3051 438 3112 Elmsleio
472 3050 594 3126 primam
628 3050 772 3109 sententiae
822 3056 906 3106 vocat
929 3047 1075 3104 Vitruvius
1091 3049 1145 3108 lV.
1163 3059 1189 3107 1.
1205 3057 1251 3110 12.
1280 3049 1327 3105 ubi
1346 3049 1396 3107 Jo·

197 3163 308 3228 partem
329 3148 538 3219 constituerem,
561 3155 590 3206 et
612 3154 707 3223 postea
726 3144 772 3204 ἐπι
822 3143 927 3204 condus
941 3144 995 3206 hoc
1016 3161 1118 3202 nomen
1137 3143 1238 3202 volutis
1260 3143 1395 3202 tributum

195 3245 378 3324 injiciendum
391 3254 457 3301 aute
468 3241 772 3318 risriivavputarem.
820 3241 902 3297 docet
915 3257 932 3296 a
944 3237 1083 3316 capreolis
1097 3238 1198 3297 vitium
1212 3258 1281 3316 quas
1299 3237 1395 3298 Graeei

196 3341 286 3402 Haud
303 3357 365 3396 raro
381 3339 457 3396 enim
472 3357 572 3398 vorem
589 3354 651 3416 qoae
668 3338 771 3415 pluries
819 3335 911 3399 isacar
949 3343 1063 3392 vocent.
1118 3333 1210 3395 Aliter
1251 3334 1394 3396 Miillerus

195 3441 225 3498 in
239 3437 339 3495 eadem
353 3436 490 3494 sententia
502 3435 631 3506 occurrit,
649 3432 771 3509 sculptor
822 3429 1006 3504 ιιἈνθένινον,
1026 3449 1174 3508 eucarpus.
1216 3433 1285 3510 Ejus
1304 3433 1396 3508 scalp-

197 3532 315 3590 omittit.
344 3531 523 3589 'Notandum
543 3531 652 3590 videtur
669 3549 771 3608 genera
821 3537 885 3586 tura
893 3527 976 3604 plane
987 3527 1070 3585 refert
1082 3527 1212 3609 γραμμήν
1226 3554 1289 3587 τινα
1303 3533 1394 3590 ἑλικο-

199 3646 261 3685 esse
288 3633 435 3684 structurae
463 3633 523 3684 turn
552 3627 625 3703 apud
654 3625 770 3684 Graeeos
821 3626 889 3696 ενδνῑ.
931 3625 976 3682 De
990 3625 1087 3683 voluta
1101 3625 1156 3684 noli
1171 3627 1311 3703 cogitare;
1332 3645 1394 3704 quse

198 3737 261 3784 tum
288 3723 362 3798 apud
395 3723 538 3782 Romanos
571 3741 632 3800 quae
667 3721 771 3780 frontes
822 3723 896 3780 enim
915 3721 988 3778 inter
1010 3731 1160 3796 quaternas
1180 3719 1291 3780 volutes
1311 3729 1354 3779 est
1378 3725 1397 3790 η·

198 3829 311 3876 tentum
325 3816 564 3892 politashabnera.
601 3816 770 3876 Cl.Vitruv.
820 3816 917 3880 ἔντόνῖ
940 3818 972 3875 ld
986 3818 1267 3877 monstraviin'sab.
1283 3836 1394 3878 xx111.

203 3914 244 3973 11.
260 3920 288 3972 8.
825 3922 890 3974 1.a.
911 3913 1058 3972 columnas
1078 3921 1173 3971 autem
1194 3933 1264 3991 quas
1282 3915 1311 3972 iu
1331 3931 1395 3987 pro·

239 4009 249 4041 ¹
272 4011 458 4094 Marmoree
479 4007 577 4084 quibus
596 4008 699 4066 harum
717 4009 772 4067 IV.
823 4011 898 4090 stylo
907 4030 968 4071 esse
978 4012 1098 4070 arbitror
1107 4010 1173 4070 ibid.
1182 4011 1226 4070 b.·‘
1247 4009 1395 4070 Wilkineio

198 4103 395 4164 columnarum
415 4101 539 4180 capitula
559 4103 710 4179 finguntur,
726 4124 775 4180 pa·
823 4104 852 4162 in
864 4103 952 4164 literis
965 4104 1058 4165 MSS.
1073 4110 1093 4140 ‘¹
1103 4103 1145 4161 Εκ
1157 4123 1185 4161 τ·
1197 4122 1220 4160 ε·
1230 4120 1260 4160 α·
1277 4101 1393 4160 Forsan.

198 4198 288 4272 metis,
301 4201 329 4257 in
343 4221 398 4277 quo
411 4198 544 4276 imposita
556 4200 696 4271 videntur,
710 4219 775 4276 par·
824 4198 971 4276 (Mensura
986 4203 1095 4278 uorsa)
1114 4199 1148 4257 ol
1168 4195 1298 4256 interiori
1311 4204 1394 4273 perte

199 4302 259 4354 tem
287 4295 417 4358 efficiunt.
457 4295 550 4355 Mirus
578 4305 673 4355 autem
701 4293 771 4356 mihi
826 4291 961 4353 Volutoe.”

84 4469 92 4478 ἢ
199 4391 310 4453 videtur
319 4394 364 4452 hic
379 4413 444 4452 usus
459 4394 536 4452 verbi
550 4403 649 4464 κεῖμαι.
690 4396 724 4453 Ρ.
740 4394 769 4456 S.
861 4397 948 4456 ”roi
960 4399 1061 4466 κίονα.
1104 4395 1188 4456 Nunc
1205 4392 1392 4454 masculinum

201 4485 366 4548 Willrineius
388 4507 505 4568 quoque,
533 4489 668 4549 inlitaris
691 4489 770 4548 MSS
822 4509 896 4552 nune
916 4491 1092 4552 toemininum
1114 4503 1200 4566 genus
1220 4489 1284 4548 huic
1307 4491 1393 4580 verino

200 4583 283 4644 hodie
303 4583 383 4660 (Kal.
401 4587 488 4663 nug.)
506 4587 638 4664 acceptis,
660 4605 689 4646 se
709 4605 770 4646 sen·
823 4587 960 4647 tribuitur.
1000 4583 1049 4644 cf.
1061 4585 1184 4644 Pausan.
1196 4585 1234 4644 V.
1250 4591 1299 4647 20.
