3176 5094
195 365 268 436 xxii
623 383 965 436 raouueonnro.

197 547 329 632 θέμενος
348 547 412 630 τὴν
438 545 570 616 νεόεσιν·
597 545 633 616 ori
663 544 734 637 ’γὰρ
763 544 870 627 νοήσω
898 545 941 613 τὸ
967 542 1108 638 ἀρχαῖον
1132 541 1288 614 ἐκαλεῖτο
1312 531 1394 618 ἀλλ’

106 747 110 754 .
197 681 273 753 ἀντὶ
298 686 359 750 τοῦ
380 713 410 763 η,
437 710 470 748 ee
493 672 557 748 iia
582 676 700 769 λέγειν
724 672 781 747 tirio
805 676 938 748 νεόεσιν.
991 672 1170 766 Imprimis
1195 677 1393 748 notandum

199 823 254 884 est
274 809 360 882 huic
394 809 474 880 loco
506 807 595 879 nihil
624 829 703 880 esse
728 830 810 878 cum
847 829 891 878 ea
922 829 962 877 re
992 807 1037 876 de
1064 825 1137 900 qua
1169 803 1227 876 hic
1261 805 1395 902 agitur.

199 943 304 1016 Plato
334 940 429 1012 enim
464 939 561 1009 haud
596 936 756 1032 loquitur
787 937 832 1022 de
862 937 972 1033 ionga
1007 933 1121 1007 vocali
1156 957 1222 1028 pro
1255 936 1395 1008 duabus

199 1070 419 1166 simplicibus
459 1063 758 1138 concurrentibus
803 1063 929 1158 posita,
971 1075 1009 1136 at
1056 1064 1100 1134 de
1146 1065 1394 1138 contractione

200 1201 354 1296 quadam
391 1195 479 1268 mira
512 1217 584 1291 qua
614 1193 750 1290 syllaba
786 1227 854 1265 oeae
890 1192 925 1264 in
957 1227 1011 1277 νοη
1039 1201 1220 1278 mutatur,
1257 1217 1325 1266 nec
1362 1196 1391 1268 si

198 1329 305 1404 aliter
340 1351 397 1400 ree
440 1349 479 1396 se
523 1323 683 1407 baberet,
722 1322 959 1394 universalem
1004 1323 1183 1416 quandam
1228 1321 1390 1418 reguiam

199 1461 318 1547 tradit,
345 1460 410 1530 sed
427 1458 473 1528 de
490 1479 565 1526 uno
583 1463 721 1526 tantum
742 1453 853 1526 verbo
871 1453 1037 1546 disputat.
1089 1453 1226 1526 Totum
1246 1456 1390 1550 quidem

197 1591 316 1663 locum
351 1587 410 1658 vix
443 1583 566 1655 videre
600 1581 761 1676 potuisse
795 1581 1029 1654 Rochettium
1068 1583 1188 1655 credo.
1258 1583 1393 1658 Ultima

202 1736 299 1800 certe
315 1746 381 1817 per
403 1744 440 1791 se
467 1719 652 1806 advocat¹‚
689 1741 772 1814 quae
800 1719 915 1812 primo
943 1717 1073 1789 intuitu
1107 1743 1152 1790 ex
1181 1722 1260 1818 ejus
1282 1723 1393 1816 parti·
1461 1783 1468 1792 ,

199 1855 268 1927 bus
298 1859 393 1922 stara
417 1846 597 1930 videntur,
623 1855 748 1938 postea
774 1856 893 1916 autem
927 1855 1112 1918 mutantur
1141 1857 1178 1916 et
1211 1850 1395 1920 contraria

200 2004 310 2080 poene
328 1979 429 2050 fiunt.
473 1974 653 2047 Nummos
675 1976 847 2068 quosdam
867 1975 998 2047 deinde
1015 1973 1163 2068 profert,
1183 1976 1217 2046 in
1238 2000 1392 2072 quorum

198 2108 314 2206 primo
340 2101 507 2175 scribitur
535 2109 796 2184 ΕΣΤῈΕΔΙΙνς
835 2098 872 2170 in
907 2099 1022 2170 altero
1055 2108 1218 2184 ΜΗι-’ἲς
1257 2101 1392 2195 primus

200 2235 484 2334 Aspendiorum,
526 2229 615 2300 alter
658 2228 978 2302 Posidoniacorum
1014 2229 1036 2301 i.
1057 2255 1087 2302 e.
1134 2229 1391 2306 Phistuliorum

199 2395 280 2444 esse
298 2366 437 2439 dicitur.
483 2361 616 2433 Postea
633 2363 731 2457 quod
748 2360 786 2432 in
804 2360 874 2433 alio
892 2361 1019 2453 quovis
1038 2360 1185 2448 mireris,
1204 2385 1392 2436 nummum

200 2503 251 2573 ita
268 2494 481 2587 inscriptum
499 2493 662 2575 advocat,
697 2491 1040 2574 nlnrssauuaw,
1064 2490 1206 2562 utduas
1216 2490 1394 2585 simplices

200 2627 342 2704 vocales
359 2645 425 2718 pro
441 2623 551 2719 longa
567 2620 760 2716 aliquando
777 2629 965 2714 usurpatas
992 2643 1072 2693 esse
1089 2622 1239 2694 doceat!
1267 2623 1307 2696 N
1311 2648 1394 2720 ugae

202 2763 285 2832 sunt
312 2755 391 2825 haee
417 2749 564 2835 omnia,·
592 2763 629 2818 at
659 2748 819 2819 breviter
847 2750 1050 2843 respondeo
1075 2750 1121 2820 de
1144 2750 1295 2826 duorum
1320 2751 1392 2845 pri-

200 2909 302 2960 orum
328 2901 554 2955 nummorum
580 2877 874 2970 interpretatione
903 2877 991 2948 nihii
1016 2879 1106 2950 certi
1129 2879 1236 2952 statui
1263 2903 1393 2974 posse,

122 3003 127 3014 ¹
203 3011 345 3110 quodsi
363 3007 442 3082 fieri
459 3016 590 3100 posset,
619 3015 654 3076 et
676 3005 826 3077 Graeeos
840 3007 1034 3101 aliquando
1050 3007 1188 3080 literam
1206 3009 1393 3105 geminare

202 3139 426 3236 probaretur,
450 3132 530 3228 quis
549 3141 743 3227 propterea
765 3144 897 3204 certam
924 3157 1004 3206 esse
1028 3133 1135 3206 fidem
1158 3167 1192 3207 eo
1216 3160 1282 3230 pro
1301 3171 1333 3223 η,
1358 3147 1396 3208 et

203 3304 241 3344 oo
264 3290 331 3362 pro
356 3299 381 3336 ω
406 3264 551 3336 eosdem
574 3261 734 3334 seribere
756 3263 870 3334 solere
893 3264 1171 3336 contenderet³?

246 3473 411 3560 1Rocbette
438 3471 521 3526 Deux
550 3469 657 3527 Lettres
680 3489 697 3526 a
723 3491 772 3548 my
823 3473 901 3531 atieis
914 3475 1071 3544 observavi,
1093 3475 1120 3531 in
1135 3477 1234 3552 quibus
1249 3477 1304 3536 fere
1322 3499 1395 3547 sem,-

206 3571 280 3629 Lord
301 3569 402 3626 Comte
423 3565 607 3634 d'Aberdesn,
627 3583 656 3638 p.
671 3571 719 3631 57.
823 3565 990 3640 perfithaec
1010 3567 1137 3625 mutatio.
1180 3569 1394 3629 tuCoekerellii
1443 3573 1446 3580 '

246 3663 257 3694 ²
277 3665 321 3721 De
335 3665 473 3738 sumptura
487 3662 654 3739 Αρχαιΐκικ,
677 3664 774 3742 Axon·
823 3663 932 3719 schedis
949 3681 1023 3737 saepe
1044 3662 1097 3720 hoc
1117 3664 1314 3727 animadverti.
1337 3667 1395 3726 No.

204 3759 236 3834 te,
257 3781 283 3813 κ.
296 3780 325 3811 τ.
339 3767 366 3811 λ.
394 3753 429 3812 cs.
460 3753 583 3809 Brunck.
612 3753 647 3808 ad
674 3753 774 3810 AEsch.
827 3763 893 3813 145.
914 3758 1082 3832 (Olimpeni)
1103 3765 1249 3832 πολεὶτην,
1273 3768 1340 3820 105.
1368 3774 1396 3836 et

207 3851 282 3924 Sept.
307 3849 398 3905 Theb.
426 3854 474 3904 28.
517 3845 619 3909 Elmsl.
641 3848 676 3903 ad
706 3847 773 3904 Eur.
829 3857 894 3908 150.
909 3851 999 3924 (Side)
1014 3855 1145 3922 νείκησεν,
1170 3861 1235 3912 153.
1248 3855 1343 3931 (ibid.)

205 3941 322 4004 Herael.
350 3949 398 4000 84.
442 3941 599 4000 Hermann.
624 3943 659 3998 ad
687 3943 773 4016 Sopb.
977 3947 1175 4015 ’Ἀθηναΐοοβ

208 4037 341 4096 Trachin.
359 4042 406 4102 74.
429 4043 457 4090 et
476 4035 627 4108 praesertim
656 4036 774 4093 Lobeck.
988 4043 1170 4111 Neneovetxm

206 4133 241 4188 ad
256 4128 451 4204 Phrynicbum
464 4147 492 4202 p.
502 4135 550 4196 39.
986 4134 1125 4206 ἀνέθηκεν.

246 4230 259 4266 ³
280 4227 384 4282 Forsan
403 4225 478 4281 haud
494 4244 511 4281 o
530 4245 558 4281 re
572 4227 670 4295 oberit,
691 4227 714 4282 si
728 4225 774 4281 hic
826 4227 873 4286 Cf.
886 4247 994 4304 quoque
1011 4227 1153 4287 Dodwell.
1165 4245 1206 4286 11.
1222 4233 1290 4286 283.
1313 4229 1399 4286 Whe-

207 4321 372 4380 reeentiores
387 4321 504 4379 Graecos
516 4341 565 4396 pro
580 4319 678 4396 alonge
692 4320 774 4394 dipb·
826 4321 875 4378 ler.
897 4343 924 4394 p.
939 4322 1010 4382 886.
1054 4325 1141 4381 Plura
1164 4325 1301 4382 advocare
1322 4327 1397 4384 baud

206 4415 341 4492 thongum
358 4441 379 4474 o
395 4417 539 4490 usurpasse
551 4425 654 4475 notem.
678 4413 774 4482 Quam
826 4437 895 4494 opus
909 4429 961 4478 est.
985 4419 1030 4477 De
1042 4422 1095 4477 hac
1108 4439 1136 4478 re
1151 4423 1223 4495 apud
1236 4421 1350 4480 Latinos
1360 4421 1399 4492 et,

205 4525 265 4568 rem
280 4509 416 4585 praecipue
429 4511 457 4568 in
472 4509 694 4583 inscriptionibus
710 4511 775 4568 Asi·
828 4511 963 4580 Quinctil.
981 4531 1002 4569 1.
1018 4521 1047 4579 7.
1070 4511 1137 4570 Aul.
1154 4511 1229 4572 Gell.
1248 4531 1329 4574 xiii.
1347 4519 1396 4572 24.
