3176 5094
213 374 273 446 riii
638 397 981 448 rnonacoueur.

214 554 331 643 sium,¹
350 555 395 626 de
409 553 551 627 Graecae
564 553 702 651 linguae
716 565 795 628 ortu
812 552 1061 638 disserentem,
1077 573 1209 648 magno
1228 561 1359 628 conatu
1378 563 1415 624 et

212 684 330 781 longis
352 682 568 780 ambagibus
590 706 757 779 quaerere
781 706 828 756 an
858 682 1096 756 Deucalionis
1120 681 1358 778 cataclysmus
1377 683 1412 756 in

214 811 410 886 Thessalia
433 813 489 885 vel
513 813 550 884 in
570 813 824 907 Peloponneso
848 813 966 884 lactus
985 814 1043 898 sit,
1071 813 1253 909 quomodo
1271 835 1292 882 e
1312 812 1413 886 Deu-

213 942 352 1014 calione
371 951 408 1012 et
427 940 570 1038 Pyrrha
587 951 799 1017 renovatum
818 942 865 1014 sit
879 966 998 1040 genus
1015 944 1228 1025 humanum,
1249 952 1285 1014 et
1305 941 1414 1015 millis

214 1071 374 1168 ejusdem
401 1071 529 1149 farine
549 1073 736 1146 tractanda
752 1095 956 1167 proponere
977 1072 1178 1144 audiamus.
1231 1069 1318 1144 Nec
1340 1093 1413 1140 me-

212 1200 334 1274 hercle
353 1225 425 1298 ego
444 1226 467 1272 a
490 1202 668 1274 tironibus
685 1201 901 1296 quibusdam
920 1213 956 1274 et
974 1201 1134 1274 inficetis
1161 1215 1297 1274 temere
1317 1199 1414 1272 dicta

215 1330 407 1406 malevolus
425 1332 590 1428 profero;
620 1332 715 1404 idem
731 1330 827 1402 enirn
846 1332 956 1419 furor,
976 1333 1102 1405 eadem
1119 1331 1258 1403 inermia
1275 1353 1412 1416 omnes,

214 1461 340 1532 doctos
357 1461 492 1556 pariter
509 1471 628 1555 ‘atque
652 1461 827 1564 indoctos,
849 1461 975 1558 agitet,
1001 1460 1235 1554 simulatque
1256 1461 1300 1532 ad
1319 1461 1413 1532 hanc

215 1589 398 1662 materiem
433 1589 655 1663 tractandam
690 1591 877 1663 accedant.
936 1590 1162 1666 Herodotum
1199 1600 1236 1662 et
1264 1587 1413 1685 Thucy-

214 1719 332 1791 didem
364 1718 419 1790 vel
454 1743 496 1789 ea
533 1741 615 1812 quae
652 1727 715 1788 aut
753 1717 821 1811 ipsi
857 1719 962 1802 scire,
1005 1732 1065 1795 aut
1104 1705 1214 1796 fando
1247 1720 1412 1813 accipere

210 2030 349 2105 plusieurs
362 2027 540 2104 generations
559 2032 643 2080 arant
658 2023 786 2091 Cadmus,
837 2023 907 2080 dans
927 2022 956 2080 la
969 2025 1071 2099 Grbce,
1088 2045 1198 2084 comme
1219 2037 1296 2085 etant
1309 2029 1343 2085 de
1357 2029 1411 2086 l'an

212 2129 251 2184 les
272 2127 363 2184 Grecs
383 2126 492 2184 acoierrt
513 2124 559 2180 des
573 2129 739 2190 caracteres,
760 2129 787 2176 et
842 2111 917 2178 1678
932 2123 1019 2172 avant
1033 2125 1111 2172 notre
1129 2117 1192 2174 bre!
1214 2138 1267 2196 que
1279 2121 1306 2178 le
1317 2121 1413 2180 meme

213 2222 268 2278 s'en
285 2219 389 2278 etaient
403 2219 491 2276 seruis
502 2237 575 2291 pour
588 2233 728 2288 comparer
742 2215 788 2270 des
839 2205 992 2264 Pausanias
1020 2207 1074 2264 cite
1101 2225 1201 2264 encore
1231 2229 1264 2268 en
1291 2212 1411 2269 d’autres

213 2315 560 2388 moaumerrs,maisqu’uae
574 2311 669 2388 deiuge
684 2310 789 2367 de'trui-
838 2304 960 2360 endroits
983 2305 1031 2359 des
1052 2323 1218 2361 monumens
1239 2327 1272 2362 en
1299 2309 1412 2366 enciens

212 2414 251 2470 sit
263 2431 307 2469 ees
319 2412 451 2488 premiere
465 2409 551 2466 essars
565 2408 644 2463 d'une
666 2407 788 2464 ciciliae·
839 2409 993 2455 caracteres
1011 2417 1046 2456 ⁰11
1058 2398 1152 2456 lettres
1165 2401 1302 2475 ultiquesl
1322 2403 1412 2477 (quasi

213 2510 272 2568 tion
293 2509 439 2584 indigeam
472 2505 573 2582 (Diod.
589 2503 631 2561 V.
658 2509 706 2566 57.
721 2505 786 2582 74)¹
839 2493 884 2548 hae
915 2493 1002 2550 litere
1038 2495 1275 2572 antecadmeianae
1303 2500 1411 2575 esseut)

213 2625 267 2690 que
280 2614 350 2661 cette
363 2602 494 2660 tradition
512 2609 554 2656 est
567 2597 719 2654 confirmes
736 2615 787 2672 par
839 2585 932 2643 lettres
957 2588 1117 2664 hgalement
1143 2593 1334 2647 mentionn'ees
1361 2610 1411 2665 per

212 2701 240 2756 le
254 2697 427 2769 temoignage
439 2689 605 2758 ultonissa,
616 2697 713 2744 auteur
724 2685 786 2761 plus
838 2683 1033 2740 Demosthene
1051 2697 1079 2741 et
1094 2704 1143 2758 par
1163 2685 1295 2754 Diodore‚
1317 2685 1411 2744 lettres

214 2789 310 2847 ancien
338 2794 366 2843 et
389 2783 600 2860 probablement
626 2779 720 2836 mieux
745 2779 787 2835 in·
837 2777 904 2835 dont
916 2779 1008 2835 s'etoit
1021 2779 1094 2835 servi
1104 2779 1220 2835 l'sneien
1239 2779 1325 2835 linus
1342 2797 1412 2853 pour

213 2884 296 2941 struit
304 2897 403 2940 encore
417 2878 462 2954 qu'
472 2876 628 2944 Herodoto,
639 2873 685 2949 qui
696 2874 785 2929 donne
836 2891 979 2946 composer
1002 2891 1044 2929 ses
1063 2878 1209 2944 ouvrages!
1233 2883 1260 2930 et
1280 2873 1348 2930 dont
1371 2873 1411 2930 les

214 2999 270 3037 aux
305 2977 436 3050 Pelasges
465 2992 501 3030 ou
527 2973 616 3028 Grecs
643 2969 784 3044 primitiis,
836 2967 939 3024 formes
961 2967 1064 3024 etaient
1084 2967 1118 3022 de
1138 2965 1229 3024 l’aveu
1254 2966 1288 3022 de
1312 2967 1410 3025 Tacite

213 3071 368 3147 l‘sspithete
388 3069 421 3126 de
448 3069 513 3124 Δῖοι
540 3063 636 3140 (Iliad,
655 3062 690 3118 B.
706 3067 786 3134 827),
837 3067 864 3114 et
890 3057 922 3114 de
953 3056 1031 3112 l'line
1059 3073 1174 3131 presque
1204 3055 1369 3113 semblables
1392 3058 1411 3114 b

214 3181 351 3239 parceque
374 3162 484 3218 suivant
504 3163 665 3231 (quemnam
680 3155 705 3210 si
724 3154 787 3210 Diis
837 3153 920 3210 celles
945 3153 1099 3228 qu'evoient
1120 3153 1155 3208 de
1178 3150 1235 3207 leur
1256 3165 1348 3227 temps
1369 3152 1410 3209 les

213 3260 322 3336 placet?
344 3277 380 3316 an
394 3257 573 3314 Homerum?
593 3253 723 3308 minime!
748 3259 788 3324 at)
837 3249 931 3308 lettres
957 3248 1077 3324 Latines,
1103 3245 1158 3302 &a
1171 3246 1225 3302 ihc.
1240 3247 1312 3302 luel*
1353 3247 1410 3306 Hae

214 3357 368 3416 Eustathel
402 3353 436 3410 ils
457 3352 578 3420 avaient,
612 3349 686 3406 sauls
707 3351 788 3424 aprhs
837 3362 877 3400 sc.
902 3341 1007 3397 eaedem
1027 3351 1090 3398 sunt
1111 3337 1199 3395 literas
1222 3359 1284 3414 quae
1304 3341 1331 3395 in
1353 3341 1410 3416 ple.

215 3471 267 3508 une
290 3449 392 3526 grande
415 3445 586 3520 inondation‚
608 3445 739 3500 conserve
761 3444 789 3500 la
838 3441 927 3514 risque
949 3437 1070 3512 antiquis
1094 3434 1316 3509 inscriptionibus
1335 3455 1410 3509 repe·

215 3547 411 3604 connaissance
423 3543 471 3600 des
483 3541 640 3598 caracteres
654 3542 686 3596 de
701 3539 788 3596 l'hcri-
837 3533 963 3598 tumtum
996 3549 1058 3604 qttffl
1084 3538 1178 3584 tamen
1204 3547 1258 3602 quo
1285 3539 1408 3602 tempore

214 3653 292 3710 ture;
314 3662 366 3718 que
385 3649 458 3697 cette
477 3638 607 3695 tradition
622 3638 702 3692 d'une
716 3636 786 3694 ficri.
836 3624 956 3682 inventae
980 3623 1044 3696 siut,
1079 3627 1130 3676 ricc
1161 3619 1325 3678 Rachettius
1357 3640 1407 3678 nec

214 3748 274 3797 ture
297 3733 469 3810 particuliere
500 3751 555 3787 aux
587 3731 718 3806 Pelasgos
745 3739 787 3786 est
836 3721 907 3778 alius
915 3719 1003 3794 quivis
1011 3717 1101 3774 dicere
1111 3723 1211 3788 potest.
1234 3715 1407 3784 erisautem

214 3850 313 3892 encore
336 3829 431 3886 mieux
452 3822 601 3882 confirmes
626 3842 676 3896 pm
695 3823 789 3880 l'exis-
838 3817 889 3872 nisi
903 3815 947 3870 his
957 3812 1049 3866 verbis
1061 3808 1188 3882 perlectis
1202 3810 1282 3868 hodie
1296 3810 1407 3886 quidem

214 3939 293 3986 tence
317 3919 518 3995 d'iuscriptions
542 3920 685 3992 Grecques
712 3923 789 3970 ante·
838 3925 1004 3988 quemquam
1016 3923 1075 3962 esse
1085 3905 1245 3964 credidisset
1254 3906 1408 3982 quiquibus

214 4023 320 4079 rieures
339 4039 375 4076 uu
395 4016 475 4074 siecle
495 4015 527 4070 de
542 4011 683 4068 Cadmus!
710 4009 788 4066 telles
839 4005 923 4062 literis
945 4003 1030 4059 Linus
1043 4019 1108 4055 usus
1122 4001 1167 4071 sit,
1191 4019 1250 4057 sese
1265 4000 1334 4055 scire
1347 4017 1409 4073 pro.

216 4136 268 4194 que
290 4115 358 4172 celle
380 4131 431 4188 que
453 4109 556 4186 portoit
575 4106 786 4185 probablement
837 4101 968 4167 fiteretur,
995 4093 1039 4152 rel
1059 4096 1092 4150 de
1121 4094 1306 4150 monumentis
1332 4103 1409 4150 ante-

214 4215 241 4272 le
255 4213 385 4272 tombeau
403 4211 437 4266 de
458 4203 583 4264 Curebus
604 4223 621 4260 a
643 4203 786 4276 blegares,
838 4194 1016 4255 Cadmeianis
1040 4213 1057 4248 a
1077 4190 1180 4247 diluvio
1199 4190 1295 4248 deletis
1314 4190 1409 4265 loque·

216 4318 380 4370 monument
398 4325 450 4382 que
465 4301 621 4362 Pausanias
633 4300 680 4374 qui
694 4296 789 4356 l'avoit
838 4297 929 4364 retur?

215 4409 253 4478 lu,
276 4407 373 4468 estime
386 4403 411 4461 le
425 4402 487 4478 plus
507 4399 604 4458 ancien
623 4395 668 4470 qui
687 4395 788 4452 existat
878 4387 885 4416 ¹
910 4387 1030 4446 Salmas.
1045 4387 1077 4444 de
1092 4382 1203 4443 Hellen.
1225 4403 1254 4457 p.
1267 4385 1335 4440 338.
