3176 5094
584 401 934 450 PROLEGOMENA·
1297 402 1365 448 XXV

233 559 371 635 Eadem
408 556 525 629 forma
559 558 738 652 reperitur
771 560 877 630 etiarn
917 559 951 628 iu
984 555 1140 628 nummis
1175 581 1265 652 qnos
1300 558 1359 628 alii

166 689 241 763 aliis
274 689 482 763 civitatibus
499 689 702 778 tribuunt¹‚
730 693 822 762 adeo
848 699 887 762 ut
916 692 962 762 de
988 711 1113 762 eorum
1141 698 1246 760 aetate
1274 687 1362 759 nihil

170 822 257 893 certi
282 821 440 917 proferri
463 819 587 915 possit.

237 950 372 1023 Forma
388 963 432 1032 ψ
449 973 515 1045 pro
540 983 566 1046 χ
590 948 830 1022 vetustissima
856 951 1006 1024 videtur.
1060 951 1257 1046 R-eperitur
1283 951 1366 1049 qui·

168 1085 246 1156 dem
265 1083 303 1153 in
324 1083 455 1154 tabulis
474 1081 565 1153 Elea
581 1091 691 1176 atque
710 1080 922 1154 Petiliana&
970 1080 1052 1154 Nec
1071 1106 1143 1179 ego
1160 1083 1244 1156 satis
1261 1085 1364 1180 capio

170 1237 278 1308 quare
296 1222 361 1284 aut
385 1211 567 1308 quomodo
593 1211 729 1281 factum
746 1210 793 1282 sit
814 1220 856 1282 ut
883 1211 1016 1282 formas
1033 1211 1213 1282 literarum
1240 1211 1364 1286 Graeci

170 1355 358 1417 mutarent.
410 1343 637 1438 Sculptorem
666 1343 812 1438 quidem
839 1369 904 1439 pro
927 1342 1044 1414 forms
1071 1343 1208 1438 scriptu
1231 1343 1365 1418 difficili

168 1471 363 1544 faciliorem
399 1494 497 1566 saepe
532 1471 694 1565 posuisse
725 1471 811 1541 satis
846 1471 943 1556 scio;
984 1469 1064 1543 rudi
1094 1479 1200 1544 aetate
1229 1472 1367 1546 scilicet

169 1611 281 1674 rectas
316 1600 429 1672 lineas
461 1598 600 1670 facilius
627 1607 681 1670 est
708 1595 850 1670 efficere
880 1597 918 1669 in
947 1599 1037 1670 dura
1062 1599 1189 1694 quavis
1218 1601 1367 1672 materia

170 1755 276 1826 quam
295 1729 489 1802 circulares
499 1733 525 1798 ³.
581 1725 693 1798 Haud
716 1749 806 1822 ergo
833 1727 1025 1798 mirarersi
1049 1727 1086 1798 in
1117 1727 1365 1800 vetustissimis

169 1858 405 1931 marmoribus
437 1862 482 1932 Ε
509 1880 574 1950 pro
609 1864 651 1940 Θ,
690 1870 834 1948 <pro
866 1863 894 1927 C
929 1856 1146 1951 reperirem3
1181 1857 1231 1930 ibi
1266 1859 1365 1930 enim

170 1991 292 2062 eadem
318 1988 434 2060 forms
463 1987 662 2082 paullulum
692 1989 896 2060 immutata·
914 2001 1044 2061 manet.
1098 1991 1190 2063 Illud
1216 2014 1365 2087 quoque

170 2123 366 2194 notandum
412 2121 534 2192 literas
576 2120 695 2214 primo
733 2121 864 2194 intuitu
908 2121 1065 2196 diversus
1102 2145 1201 2216 sarpe
1240 2147 1366 2197 revera

170 2253 314 2324 eusdem
337 2271 427 2322 essa.
481 2247 615 2320 Lineas
639 2246 737 2320 eninr
758 2248 944 2342 (equibus
978 2251 1058 2320 liare
1086 2248 1144 2320 vel
1175 2247 1235 2319 illa
1265 2249 1367 2323 litera

171 2381 340 2473 efficitur)
371 2381 441 2452 alia
476 2389 584 2452 astate
618 2381 687 2451 bac
721 2377 941 2475 dirigebant,
974 2378 1045 2459 alia
1073 2378 1241 2451 aliorsum
1280 2381 1367 2454 ilec-

171 2509 307 2580 tebant.
367 2505 478 2582 Unde
506 2505 639 2577 factum
664 2516 781 2577 estut
808 2507 932 2578 eadem
951 2506 1056 2580 litera
1073 2509 1240 2602 (Gemma
1267 2511 1364 2595 dico)

171 2648 243 2712 tres
267 2637 400 2710 formas
426 2638 589 2723 haberet,
620 2648 653 2714 <
695 2637 843 2724 scilicet,
872 2648 914 2722 A,
943 2648 980 2712 et
1002 2648 1049 2728 F,·
1078 2665 1194 2738 eaque
1223 2643 1276 2714 de'
1293 2666 1366 2736 qua

172 2797 269 2846 nunc
288 2774 419 2870 loquor
435 2772 473 2843 in
492 2770 641 2844 vetustis
662 2771 935 2843 Atheniensium
956 2775 1196 2846 monumentis
1214 2773 1366 2846 formam

180 2913 210 2986 †
233 2903 396 2988 haberet,
418 2901 457 2972 in
472 2900 735 2974 recentioribus
753 2909 873 2974 autern
892 2904 1016 2975 eodem
1046 2905 1151 2975 modo
1169 2927 1242 2998 quo
1259 2904 1366 2974 bodie

211 3112 290 3172 ¹Cl.
311 3113 348 3186 (si
370 3077 441 3170 tanti
462 3113 510 3186 sit)
530 3110 639 3188 Haym.
660 3113 696 3170 T.
723 3128 747 3168 1.
795 3131 844 3186 per
860 3110 912 3182 U,
941 3121 962 3186 ῼ
997 3130 1047 3187 per
1066 3107 1106 3178 ΕΡ
1126 3075 1264 3174 arribitur.

172 3227 200 3283 p.
224 3226 264 3264 m.
290 3212 361 3264 231.
405 3204 530 3262 iraelich.
559 3205 627 3262 Not.
654 3205 745 3263 Elem.

173 3323 200 3377 p.
216 3310 266 3361 24.
283 3313 313 3360 et
335 3323 364 3377 p.
381 3308 448 3360 132.
470 3301 599 3358 Pellarin.
621 3298 746 3358 llacueil.
842 3356 847 3367 q
891 3357 897 3369 ¹

174 3397 419 3470 Tom.1.p.158.
462 3394 560 3452 ΚΜ.
576 3393 704 3468 Αρμῃά.
722 3410 745 3449 1.
797 3355 864 3414 locis
889 3367 960 3414 inter
986 3367 1065 3416 notas
1090 3359 1246 3418 numerales
1271 3360 1366 3418 lorum

799 3469 880 3507 suum
900 3451 1026 3508 servtsse
1049 3452 1167 3512 videtur.
1209 3453 1255 3512 Cl.
1279 3455 1367 3513 lusor.

835 3259 846 3291 ¹
868 3261 939 3318 Haer
948 3261 1064 3320 literain
1073 3262 1237 3339 quibusdam
1246 3265 1366 3322 Graeriae

174 3511 202 3566 p.
214 3498 264 3548 41.
296 3491 427 3548 Dubitari
441 3507 506 3566 ergo
521 3499 612 3564 potest
626 3509 662 3546 an
675 3497 747 3547 recte
1002 3545 1007 3556 ,

177 3583 296 3640 Lmius
316 3583 420 3640 dixerit
440 3583 536 3656 (rom.
563 3603 588 3638 Ι.
610 3599 638 3654 Ρ.
666 3583 745 3652 ω.)
800 3543 939 3602 Orchom.
954 3544 978 3601 1.
1000 3544 1072 3601 mira
1087 3545 1177 3604 Closs.
1193 3545 1248 3601 IV.
1277 3545 1366 3605 lnscr.

175 3676 296 3734 „Simili
323 3677 409 3750 figure
427 3677 560 3752 quadram
585 3673 629 3731 nel
652 3675 744 3730 (ἣρω
800 3640 824 3744 1..
864 3638 918 3696 Sed
937 3638 1037 3696 dehac
1057 3639 1198 3712 repsallo
1217 3637 1365 3698 iuirssum

176 3767 288 3845 vogliou
316 3769 352 3834 Θ,
381 3787 461 3826 corna
488 3785 613 3843 provano
637 3764 664 3823 le
691 3784 747 3822 rue-
799 3733 930 3794 dmum*

175 3865 266 3938 daglie
286 3864 314 3920 di
332 3864 408 3920 Tebe
429 3873 544 3937 segnate
576 3880 629 3918 ron
651 3871 748 3937 questa
839 3858 1160 3936 'Marochiusffrodu
1174 3861 1209 3918 ad
1222 3863 1293 3919 Tab,
1310 3865 1368 3921 He·

174 3955 310 4015 inizisle.”
350 3955 409 4023 Qui
426 3955 562 4029 Principis
578 3953 748 4010 Torremutii
799 3955 1102 4014 rac.1)iar.111.e.1.
1125 3974 1153 4028 p.
1173 3959 1255 4030 125.)
1274 3973 1366 4033 angu-

173 4068 240 4122 opus
264 4047 411 4121 (“Siciliae
432 4057 460 4104 et
478 4051 569 4124 objac.
593 4047 676 4106 insol.
702 4047 749 4104 ln·
798 4048 871 4104 lares
892 4047 997 4105 formas
1018 4049 1113 4105 tribuit
1126 4049 1280 4106 difficultati
1303 4068 1369 4106 eua-

173 4143 268 4215 script.
294 4160 323 4216 p.
351 4141 449 4214 2493)
474 4140 635 4216 inspexerit,
667 4139 750 4198 facile
799 4143 878 4199 randi
898 4143 926 4200 in
953 4161 1008 4200 aera
1031 4141 1123 4200 aliave
1145 4144 1215 4200 dura
1238 4146 1366 4214 materia,

173 4234 748 4311 videbitquamverelornramquadratam
799 4255 896 4312 qiram,
917 4237 1016 4312 iuquit,
1037 4245 1069 4293 ut
1090 4236 1267 4312 resolverent,
1288 4239 1367 4312 quid·
1406 4229 1411 4239 ¹

173 4347 226 4387 uoo
253 4329 309 4388 nisi
337 4326 485 4403 sculptoris
503 4327 548 4386 vel
567 4330 684 4388 inscitias
703 4327 749 4385 vel
799 4330 863 4404 quid
875 4317 953 4387 curvi
963 4330 992 4386 iu
1000 4327 1085 4386 literis
1095 4337 1165 4398 erat,
1179 4331 1206 4386 id
1217 4331 1245 4386 in
1259 4341 1365 4388 rectum

175 4423 352 4499 negligentia
372 4421 465 4480 deberi
482 4422 613 4483 dixerim.
657 4423 748 4481 lbiO
799 4422 845 4479 sed
859 4415 1023 4495 ang'trlatum
1037 4419 1220 4476 resolvebant.
