3204 5104
754 437 801 508 26

524 663 675 744 Onnes.
702 663 740 743 1.
794 661 916 744 Num.
946 661 1031 744 IX.

696 815 839 888 VASA.

606 1013 698 1072 TAB.
715 1015 769 1073 lV.
804 1015 876 1074 Fro.
895 1014 932 1070 ll.

706 1150 840 1196 -φ-

182 1281 210 1336 1.
254 1269 495 1334 D’Hencorvill.
520 1267 604 1334 Coll.
631 1273 668 1333 ol
691 1270 751 1334 Gr.
769 1283 801 1334 et
835 1270 959 1333 Etrusc.
983 1267 1060 1331 Ant.
1088 1267 1119 1332 in
1143 1270 1194 1334 the
1227 1269 1310 1336 Coll.
1339 1279 1377 1338 of

228 1367 278 1433 Sir
294 1367 346 1433 W.
362 1367 538 1448 Hamilton‚
557 1367 597 1431 T.
611 1365 637 1431 l.
661 1393 694 1453 p.
712 1377 782 1438 157.
836 1364 1154 1432 Moeee.Tab.Vll.
1212 1377 1244 1432 Ω.
1287 1371 1370 1436 Mil·

226 1467 339 1552 lingen.
355 1465 510 1532 Tanlv.
538 1489 570 1550 p.
587 1476 634 1528 11.
700 1473 732 1528 3.
775 1465 953 1549 Millingen.
972 1463 1147 1530 Tanvtl.
1171 1490 1204 1551 p.
1221 1470 1271 1533 16.

253 1622 285 1679 1.
326 1603 377 1686 Iu
412 1617 482 1687 hoc
511 1635 596 1687 vase
622 1612 832 1709 depingitur
853 1612 932 1708 apri
961 1613 1117 1699 venatio,
1146 1624 1184 1686 et
1219 1613 1368 1686 nomina

175 1758 386 1822 venatorum
418 1771 525 1843 eupm
553 1747 670 1842 capita
698 1745 916 1820 scribuntur.
971 1747 1240 1821 Hancarvillius
1271 1759 1371 1823 recte

176 1879 234 1951 hic
251 1879 347 1952 haud
366 1878 603 1975 Calydonium
620 1881 644 1966 ¹,
671 1879 733 1950 sed
756 1879 917 1952 Italicam
941 1857 1120 1978 quandam
1141 1881 1369 1954 venationem

178 2015 277 2109 (cum
295 2010 509 2106 Antiphatae
539 2021 756 2084 memoretur
782 2021 820 2083 et
846 1995 917 2083 vas
931 2035 1046 2109 prope
1062 2012 1229 2108 Capuam
1248 2035 1372 2110 reper-

177 2149 252 2214 tum
275 2139 337 2233 sit)
357 2138 416 2212 hic
442 2137 565 2238 effingi
584 2139 701 2234 primo
719 2148 903 2212 statuerat.
952 2138 1099 2212 Postea²
1125 2150 1261 2228 autem,
1288 2166 1370 2214 cum

176 2269 215 2343 in
243 2295 326 2345 vase
351 2261 571 2368 effingentur
587 2270 709 2368 aquile
729 2267 853 2365 (αὲτός)
884 2280 921 2341 et
946 2269 1020 2342 avis
1038 2270 1097 2342 cui
1124 2294 1258 2346 nomen
1286 2271 1372 2344 Me-

174 2396 320 2495 leagris,
347 2397 635 2496 Hieroglyplrice
665 2399 817 2495 quadam
850 2398 987 2469 ratione
1021 2395 1233 2496 Calydoniae
1262 2425 1371 2474 vena-

176 2528 286 2602 tionis
311 2529 428 2600 locum
458 2527 663 2620 (AEtoliam)
692 2537 730 2598 et
751 2527 866 2622 ipsum
894 2527 1123 2626 Meleagrum
1148 2529 1290 2602 ostendi
1307 2553 1373 2625 pu·

178 2657 274 2732 tavit.
333 2655 416 2754 Ego
452 2654 658 2754 hujusmodi
698 2654 893 2752 oenigmata
922 2657 1018 2728 haud
1052 2655 1229 2755 intelligo,
1257 2683 1371 2755 quare

180 2787 414 2863 Hancarvillii
437 2787 548 2861 verba
574 2787 611 2859 in
636 2787 850 2882 Appendice
874 2789 1036 2882 apposui.
1112 2796 1117 2806 '

254 2934 287 2996 2.
330 2921 373 2993 ln
399 2920 508 3019 huJue
523 2920 617 2994 vasis
636 2925 766 3016 (prope
784 2918 1027 3017 Agrigentum
1051 2922 1187 3017 reperti
1210 2932 1248 2994 et
1274 2925 1373 3018 apud

178 3047 426 3123 Hamiltonum
455 3043 601 3139 serrati)
620 3045 733 3118 altero
764 3044 874 3119 latere
900 3046 1123 3146 effinguntur
1144 3050 1217 3122 duo
1243 3050 1372 3126 heroes

179 3180 225 3252 de
257 3201 409 3274 corpore
440 3179 595 3273 quodam
629 3186 822 3264 certantes,
864 3177 1023 3252 Achilles
1060 3202 1112 3252 sc.
1147 3187 1184 3250 et
1220 3179 1372 3257 Hector.

180 3305 254 3380 Sed
274 3330 356 3379 cum
383 3307 422 3378 in
449 3308 563 3380 altero
586 3307 697 3379 latere
725 3305 921 3404 effingutur
945 3306 1085 3379 Aurora
1112 3310 1271 3405 (Hfio5,
1301 3309 1375 3382 i.e.

178 3433 256 3527 ἠως)
290 3433 493 3508 Memnona
516 3435 699 3522 auferens,
726 3435 762 3507 in
787 3436 856 3507 hoc
881 3435 994 3508 latere
1020 3459 1167 3534 quoque
1185 3462 1250 3533 pro
1276 3437 1374 3510 Hec-

179 3573 259 3636 tore
286 3563 487 3636 Memnona
514 3564 623 3638 scribi
650 3564 817 3638 debuisse
844 3575 946 3661 putat
962 3563 1214 3665 Millingenue.
1267 3563 1375 3656 Quod

180 3692 210 3764 si
226 3715 349 3765 verum
362 3692 420 3778 sit,
444 3715 574 3788 corpus
588 3692 772 3765 Antilochi
788 3705 893 3765 eeeet.

248 3834 285 3894 3.
331 3823 413 3896 Hoc
428 3848 489 3897 vae
506 3823 590 3895 olim
608 3825 704 3920 apud
722 3823 901 3897 Comitem
920 3825 966 3898 de
986 3825 1179 3925 Lamberg,
1205 3825 1312 3898 hodie
1332 3826 1369 3897 in

181 3951 316 4025 Museo
330 3951 566 4049 Imperatorio
583 3953 737 4027 Viennae
754 3965 930 4027 servatur.

222 4127 546 4204 ¹Paueenias(X.45.)
567 4130 680 4187 nomina
703 4130 752 4186 he·
843 4127 856 4154 ²
877 4127 1095 4186 D'Hancarvill.
1135 4131 1217 4186 Tom.
1258 4149 1304 4188 ιν.
1345 4151 1374 4205 p.

180 4241 260 4280 ronm
278 4223 306 4280 in
321 4222 465 4280 venatione
480 4223 637 4301 Calydonia
656 4243 750 4282 recen·
803 4219 873 4282 206.

180 4325 233 4386 set,
247 4335 364 4392 quorum
385 4335 419 4374 ne
437 4338 507 4378 unue
521 4320 630 4397 quidem
655 4321 684 4376 in
696 4320 749 4377 hoc

180 4428 247 4469 vase
272 4423 451 4470 memoratur.
493 4413 538 4471 Cf.
566 4413 652 4472 Ovid.
677 4413 750 4468 Met.
840 4411 851 4442 ³
879 4410 945 4466 Vox
971 4409 1069 4467 eadem
1093 4410 1213 4466 occurrit
1241 4409 1269 4464 in
1308 4425 1375 4466 vase

181 4511 444 4567 niceno-318.
487 4506 659 4583 Apollodl.
678 4523 703 4563 c.
721 4511 749 4562 8.
801 4505 874 4580 apud
902 4503 1010 4561 Mittin.
1036 4505 1180 4561 Peintures
1208 4504 1256 4562 des
1292 4521 1372 4560 rases

180 4601 303 4678 Heygio.
319 4603 388 4661 Tab.
405 4610 469 4668 174.
801 4601 884 4658 Tum.
900 4619 936 4660 11.
953 4621 981 4674 p.
994 4606 1039 4656 51.
1063 4600 1133 4658 Tab.
1145 4605 1195 4657 35.
