3188 5102
508 839 660 922 Cnnss.
687 838 767 919 VI.
826 836 978 918 Inscn.
1005 837 1058 916 V.

438 1052 748 1131 INSCRIPTIO
781 1047 1124 1126 OLIVERIANA.

611 1263 704 1322 TAB.
727 1263 790 1322 Lii.
831 1263 905 1322 Fro.
926 1259 981 1319 111.

694 1472 869 1514 -φ-

502 1670 652 1736 Pacisud.
673 1669 765 1736 Mon.
786 1670 900 1753 Pelop.
920 1668 947 1732 I.
971 1691 1005 1753 p·
1022 1677 1076 1738 77.

271 1825 351 1912 “E
368 1842 622 1938 Peloponneso
650 1853 714 1913 aut
743 1843 903 1914 finitimis
933 1851 1032 1913 certe
1062 1841 1185 1913 locis’'
1207 1839 1259 1914 uit
1282 1839 1387 1914 Paci·

192 1973 321 2044 oudius
362 1980 497 2041 “onno
538 1981 632 2057 1738
673 1967 863 2046 Anconam
900 1993 922 2038 a
956 1966 1096 2039 Groecis
1129 1971 1389 2044 mercatoribus

194 2101 367 2171 subvecta
408 2095 485 2194 fuit·
512 2095 680 2167 columns
715 2093 846 2178 striato,
881 2093 1005 2187 ibique
1038 2117 1060 2164 o
1099 2097 1253 2190 quodem
1288 2096 1390 2169 Mur·

195 2227 351 2298 morerio
378 2245 452 2295 aere
476 2227 730 2294 commutate.”
784 2222 850 2294 tlte
875 2224 971 2294 hunc
994 2221 1197 2294 columnam
1223 2225 1391 2320 “inipso

196 2352 341 2452 publica
367 2352 425 2424 viu
451 2375 524 2448 que
548 2352 595 2422 ed
626 2351 776 2423 Portum
805 2352 1034 2424 itur-coeno
1060 2351 1233 2424 foedotam
1262 2333 1390 2452 viginti

196 2484 303 2558 annis
331 2480 472 2580 (annos)
496 2453 624 2579 jecere
650 2503 775 2576 pessus
807 2487 901 2551 est.''
953 2478 1133 2551 Oliverius
1160 2479 1198 2552 in
1225 2478 1287 2554 itio
1311 2455 1392 2589 loco

196 2617 297 2703 vidit,
324 2628 361 2689 et
386 2614 578 2688 Pisaurum
610 2615 790 2710 deportari
816 2612 966 2689 curavit.
1020 2613 1143 2686 Edidit
1175 2613 1391 2690 Pecioudius

112 2767 118 2776 ·
198 2768 270 2818 una
304 2769 387 2817 cum
414 2743 573 2816 Corsinii
600 2745 646 2816 de
673 2741 752 2841 ejus
784 2742 1082 2837 interpretatione
1107 2745 1267 2840 epistota.
1319 2746 1393 2820 Sed

199 2874 277 2945 haec
316 2872 502 2967 inscriptio
543 2873 735 2944 manifesto
770 2883 834 2945 out
876 2872 1029 2944 barbara
1069 2884 1133 2945 eut
1171 2873 1292 2967 spuria
1328 2888 1392 2947 est.

199 2999 291 3090 Quis
325 3013 485 3072 veterum
517 3000 729 3073 Graecorum
759 3001 916 3097 wapro
944 2998 1197 3074 addixisset?
1224 3001 1418 3102 ἈσφαλιίυΙ

199 3131 344 3230 quidem
378 3156 443 3227 pro
474 3134 656 3230 Ἀσφαλῖου
693 3143 730 3205 et
760 3137 810 3203 τῶ
852 3137 964 3228 Παρῖω
1003 3155 1071 3227 pt'o
1105 3139 1167 3205 τοῦ
1196 3138 1322 3228 Παρίου
1355 3132 1392 3205 in

198 3261 433 3356 inscriptione
456 3259 593 3333 Dorice
609 3261 696 3333 ferri
714 3271 876 3355 possunt.
927 3259 1113 3332 Continuo
1136 3270 1257 3332 eutem
1276 3259 1395 3357 sequi·

199 3399 260 3460 tur
276 3389 414 3483 Μήτηρ,
440 3388 539 3483 quod
556 3387 746 3460 ridiculum
765 3397 831 3458 est.
884 3383 1023 3458 Nescio
1039 3410 1085 3457 en
1105 3389 1393 3482 operaepretium

199 3517 245 3590 sit
259 3517 392 3603 dicere,
419 3515 626 3587 Cominium
641 3515 693 3586 itu
708 3516 788 3586 haec
807 3526 1012 3586 commento
1029 3511 1171 3610 tegere:

389 3655 538 3754 Ἄρτεμι,
563 3667 616 3730 σο1
641 3654 710 3728 τόδ’
735 3656 879 3750 ἄγαλμα
902 3659 1031 3734 edeotoc
1055 3658 1206 3742 ἀνέθηκεν

300 3841 314 3864 .
394 3783 586 3880 Ἀσφαλῖου
610 3783 732 3880 μήτηρ,
759 3787 877 3880 Φερσῖς
893 3781 998 3880 ''Epov
1021 3782 1193 3881 θυγάτηρ,

397 3917 464 3983 Τοῦ
490 3919 617 4007 Παρίου
643 3918 765 3998 ποίημα
792 3919 895 3986 καλὸν
921 3917 1024 3988 Auito
1048 3912 1162 4010 ἔργον.

272 4055 374 4145 Ques
398 4057 543 4129 barbari
569 4055 695 4130 Poetae
723 4059 896 4132 barbares
921 4061 1191 4132 emendationes
1215 4063 1244 4134 si
1268 4061 1396 4159 aliquis

200 4183 317 4255 minus
358 4184 484 4256 doctus
526 4208 635 4280 quem
679 4185 867 4258 Cominius
914 4169 1140 4284 scripsisset(
1165 4211 1289 4262 omnes
1328 4189 1397 4262 clu·

201 4308 372 4398 miscent,

542 4419 586 4483 Et
610 4418 706 4484 vitula
731 4431 764 4482 tu
791 4419 914 4502 dignus,
942 4433 974 4485 et
998 4419 1059 4486 hic.
