3176 5094
79 460 87 466 ·
203 364 238 434 vi
638 387 979 439 nnousnouans.

198 542 297 636 quod
314 540 429 627 aiunt,
452 544 705 639 Antiquariam
723 555 875 641 spectes.
919 546 1076 619 Multum
1095 547 1140 617 ad
1158 545 1401 620 institutorum

199 672 375 758 notitiam,
402 673 552 746 muitum
578 677 623 747 ad
651 676 748 773 juris
779 674 994 747 Graecorum
1023 677 1190 771 peritiam
1221 689 1401 773 prosunt;

200 802 342 874 Graecae
367 802 503 902 linguae
526 805 622 875 haud
647 806 758 890 item;
796 806 855 878 cui
882 804 934 877 rei
959 806 1025 878 soli
1052 831 1110 879 me
1135 808 1171 879 in
1195 810 1264 880 hoc
1281 808 1403 882 libello

201 932 377 1004 inservire
403 933 575 1006 Lectores
604 934 818 1032 intelligant.

278 1061 378 1135 Ante
394 1072 514 1134 autem
532 1087 641 1158 quam
662 1065 709 1135 ad
732 1064 849 1160 ipsum
871 1090 961 1161 opus
985 1091 1043 1139 me
1063 1067 1268 1166 accingam,
1287 1091 1403 1164 pauca

204 1193 326 1266 forsan
345 1193 391 1263 de
408 1193 519 1266 veteri
537 1193 720 1268 scribendi
738 1219 851 1281 more,
875 1198 937 1268 sed
955 1197 1127 1289 breviter,
1153 1199 1295 1292 praefari
1321 1221 1405 1294 pro·

204 1323 307 1394 derit.
360 1323 581 1397 Contraham
605 1325 742 1398 scilicet
770 1325 918 1400 eximias
940 1328 1092 1406 aliorum
1118 1330 1402 1418 ohservationes,

205 1471 415 1548 paucasque
445 1477 466 1525 e
495 1477 593 1548 penu
622 1478 714 1541 meo,
750 1457 814 1528 sed
843 1457 991 1530 minoris
1013 1459 1088 1542 illas
1117 1461 1303 1550 momenti,
1340 1463 1403 1534 de·

205 1607 377 1679 promam.
429 1583 533 1678 Opus
561 1591 635 1654 tum
666 1595 798 1658 caetera
833 1586 977 1660 difficile
1007 1599 1075 1673 est,
1108 1600 1182 1661 tum
1217 1591 1401 1687 praecipue

206 1715 393 1786 molestum
435 1713 534 1808 quod
566 1713 737 1802 virorum,
777 1738 930 1812 quorum
970 1718 1146 1791 doctrina
1181 1719 1402 1791 millesimam

204 1851 344 1938 partem
378 1862 445 1912 nec
476 1841 582 1939 attigi
613 1865 682 1916 nec
713 1844 904 1942 attingam,
944 1847 1177 1923 titubationes
1209 1851 1404 1950 lapsusque
1460 1877 1465 1885 ·

207 1993 290 2041 cum
316 1967 352 2039 in
379 1969 445 2040 hac
469 1991 509 2041 re
527 1972 711 2043 tractanda
732 1982 807 2044 tum
827 1989 893 2068 per
914 1984 1027 2047 totum
1046 2000 1137 2072 opus
1155 1980 1303 2052 notandi
1321 1992 1406 2054 sunt

206 2106 315 2193 atque
351 2096 564 2196 castigandi.
624 2100 723 2190 Quos
758 2103 788 2174 si
820 2105 1096 2197 reprehendam,
1129 2107 1259 2181 iterum
1291 2121 1403 2207 atque

208 2228 337 2300 iterum
362 2227 553 2301 Lectorem
576 2253 676 2327 rogo,
706 2241 746 2303 ut
770 2256 827 2306 me
856 2231 1001 2306 nonnisi
1027 2237 1080 2309 rei
1104 2239 1318 2313 necessitate
1339 2242 1403 2315 ad-

209 2358 355 2429 ductum
372 2356 556 2453 ingratum
574 2360 752 2456 hocopus
775 2364 958 2458 suscipere
981 2367 1169 2442 existimet.
1214 2370 1310 2445 Satis
1327 2374 1404 2446 scio

209 2483 306 2558 viros
324 2484 401 2557 illos
418 2485 643 2560 doctissimos
662 2515 734 2562 non
753 2515 892 2564 errasse
911 2494 980 2566 nisi
1004 2500 1100 2591 quod
1116 2502 1274 2596 ipsorum
1296 2517 1404 2579 aetate

209 2623 356 2710 propter
380 2615 610 2708 paucitatem·
624 2631 938 2695 monumentorum
965 2627 1082 2702 aditus
1107 2633 1153 2703 ad
1179 2645 1278 2709 recte
1299 2639 1403 2735 judi·

210 2743 365 2815 candum
383 2744 478 2814 haud
497 2753 569 2817 tarn
584 2745 655 2818 late
673 2769 782 2841 quam
800 2752 908 2824 hodie
924 2765 1075 2850 pateret.
1126 2761 1248 2857 Atque
1266 2766 1403 2839 utinam

210 2896 254 2946 ea
271 2895 347 2944 sors
363 2870 431 2941 illis
449 2874 658 2972 contigisset
683 2887 722 2950 ut
748 2881 842 2953 hanc
860 2883 1068 2959 hodiernam
1089 2903 1404 2968 monumentorum

211 3001 350 3098 copiam
366 3000 542 3090 viderent,
562 2989 702 3100 quodsi
719 3009 866 3086 ita'sese
884 3015 1077 3107 habuisset,
1095 3019 1225 3118 atiquis
1241 3025 1405 3118 pmfecto

210 3157 257 3206 ex
280 3155 403 3204 eorum
427 3157 578 3207 numero
603 3162 700 3245 meas
724 3143 898 3236 Athenas,
918 3149 1030 3221 multo
1047 3150 1180 3224 lautius
1199 3177 1307 3250 quam
1325 3158 1405 3252 ipse

213 3265 313 3358 (quae
336 3272 390 3333 est
412 3286 492 3335 mea
518 3265 694 3361 doctrina)
721 3294 880 3366 possum,
907 3281 1131 3370 ornavisset;
1170 3284 1233 3357 sed
1258 3310 1303 3359 ea
1319 3298 1404 3362 ante

211 3403 367 3466 nostram
396 3402 538 3466 aeatem
566 3399 633 3470 aeri
662 3403 867 3476 vetustioris
894 3421 1209 3486 monumentorum
1239 3417 1403 3511 paucitas

213 3533 300 3610 erat,
322 3533 371 3606 ut,
393 3522 424 3595 si
445 3536 591 3600 centum
613 3552 695 3602 cum
718 3533 847 3632 viginti
869 3561 985 3612 annos
1007 3544 1188 3640 respicias,
1208 3547 1399 3622 Montfau-

211 3650 357 3753 conium
378 3651 503 3727 audire
524 3657 638 3752 possis
667 3684 706 3732 se
726 3685 912 3761 nunquam
939 3669 976 3740 in
1007 3693 1185 3746 marmore
1208 3675 1405 3774 Digamma

211 3779 343 3854 vidisse
384 3790 587 3873 testantem,
625 3790 656 3861 si
685 3793 928 3892 septuaginta,
966 3797 1174 3875 Dawesium
1203 3815 1231 3878 E
1261 3831 1327 3904 pro
1358 3817 1405 3881 EI

213 3935 373 4008 unquam
402 3915 571 4011 scriptum
604 3943 684 3994 esse
712 3936 919 4022 negantem.
972 3928 1045 4004 Sed
1073 3935 1119 4005 ad
1143 3960 1218 4010 rem
1244 3948 1404 4012 nostram

214 4061 410 4114 veniamus.

290 4167 396 4257 Quod
430 4173 610 4250 scribendi
642 4203 781 4276 genera
816 4186 955 4273 attinet,
999 4191 1100 4266 initio
1141 4197 1196 4270 ἐπὶ
1238 4202 1284 4272 τά
1324 4205 1404 4275 λαιά
