3222 5104
566 310 741 362 ADDENDA
768 311 813 358 m·
839 309 1087 360 CORRIGENDA.
1347 291 1418 351 425

301 471 340 536 1..
352 477 382 539 6.
425 472 610 558 Legeuduur
628 474 696 540 τῶν
711 469 793 539 ποτὶ
809 467 977 540 Ouidoua.
992 465 1048 537 ἐπὶ
1064 469 1125 537 rui

301 568 344 636 L.
357 580 387 637 ⁸.
430 571 517 658 Lege
540 566 637 638 πόλιν
652 571 720 639 τῶν
732 570 889 664 Δελφῶν·
915 570 1005 650 εἶμεν
1017 559 1053 636 δε
1079 614 1193 637 ......

303 667 344 732 Ρ.
356 677 432 742 289.
456 673 479 734 l.
499 683 525 736 ι.
580 671 668 758 Lege
689 671 760 739 τοῖς
780 664 918 758 ἀγόνοις
935 667 1007 741 τοῖς
1027 662 1049 735 οἱ
1074 661 1171 736 πόλις
1186 671 1343 736 συντελεῖ
1364 665 1418 734 καὶ

228 754 343 830 τᾶλλα
358 759 562 834 ὅποσακα.”
651 823 656 832 .

305 864 345 930 P.
359 873 433 932 820.
479 867 664 933 Welckerua
682 893 716 953 p.
727 875 781 941 97.
800 870 867 934 haec
881 867 976 931 habet
994 865 1015 897 “
1026 864 1097 930 Filii
1113 887 1227 931 nomen
1238 864 1418 950 appositum

229 974 362 1027 statuam
389 963 520 1048 Ilithyiae
546 989 565 1030 a
590 989 744 1052 puerpera
766 989 805 1030 ex
832 979 906 1031 voto
932 963 1008 1050 poni
1034 962 1208 1049 significare
1232 962 1362 1042 videtur,
1388 978 1420 1028 et

229 1059 356 1145 quidem
389 1085 458 1128 eam
485 1087 555 1150 qnae
580 1062 728 1130 infantem
758 1063 863 1150 ipsum
889 1075 1123 1148 repraesentaret
1150 1062 1242 1128 utin
1271 1061 1420 1148 Sapphus

232 1156 343 1242 Epigr.
371 1159 478 1226 Aristo
499 1161 611 1247 puellae
640 1185 749 1228 reeens
776 1176 855 1228 natae
882 1161 1112 1247 imagunculam
1144 1160 1255 1225 Diauae
1290 1161 1424 1226 dedicat.

233 1254 360 1322 Nomen
377 1253 493 1349 Φέροις
503 1259 586 1326 idem
605 1273 653 1326 ert
669 1285 707 1326 ac
721 1262 841 1351 θερσις
852 1259 882 1325 in
896 1261 958 1345 Ep.
973 1259 1091 1344 Anytus
1108 1258 1269 1343 Epityrnb.
1284 1283 1316 1323 u.
1326 1252 1420 1332 649.''

232 1353 262 1418 Φ
298 1377 356 1439 pro
392 1355 422 1423 Θ
455 1358 591 1423 occurrit
624 1358 715 1424 Iliad.
738 1361 776 1424 Λ.
797 1360 872 1425 268.
916 1359 964 1422 H.
985 1365 1059 1430 743.
1100 1357 1219 1440 Odyas.
1240 1379 1324 1422 xrx.
1347 1365 1422 1422 221.
1480 1369 1483 1376 ’

231 1449 358 1521 Theou.
374 1477 434 1519 xv.
453 1459 504 1526 76.
559 1456 671 1542 Nuper
692 1453 879 1545 quoqne'in
904 1481 977 1521 vaae
997 1459 1081 1542 apud
1103 1454 1265 1522 Milliuum
1287 1454 1348 1519 vidi
1364 1477 1422 1540 pro

236 1550 759 1634 HOA!H02,HOA11!01
793 1559 875 1621 unde
910 1557 941 1620 iu
977 1579 1009 1640 p.
1040 1561 1113 1625 327.
1148 1577 1205 1639 pro
1237 1577 1316 1620 voce
1346 1553 1424 1616 mira

234 1644 413 1716 Ηθαισαων
437 1653 540 1716 forsan
566 1653 765 1744 Ηφαιστιων
787 1654 889 1741 legere
910 1658 1072 1720 debemur.
