3176 5094
219 331 263 404 lvi
655 351 996 402 eaousoosrsrre.

292 504 500 578 Nonnullae
544 505 798 600 inscriptiones
839 505 937 575 lraud
970 515 1078 576 antea
1112 503 1226 577 editas
1263 505 1300 576 in
1353 506 1421 580 bac

216 635 354 734 sylloge
373 634 507 708 Lector
522 637 698 731 reperiet;
726 634 847 730 plures
862 657 951 729 quas
964 657 1071 706 nemo
1086 643 1218 730 praeter
1230 633 1424 708 Osannum

218 763 464 837 Professorem
483 767 663 859 quendam
681 765 882 838 Jenenscm
902 764 956 858 (in
976 765 1124 862 Sylloge
1142 733 1420 860 inscriptionum

217 892 321 989 cujus
363 892 472 964 bodie
506 903 662 990 quatuor
697 893 860 966 fasciculi
893 892 1029 989 publici
1060 891 1156 990 juris
1195 893 1280 967 tacti
1315 895 1416 982 sunt)

216 1031 253 1094 et
296 1021 355 1093 ille
390 1023 535 1118 quidem
582 1025 722 1099 mendis
758 1047 937 1120 respersas
972 1023 1094 1095 edidit.
1166 1023 1226 1094 De
1265 1023 1417 1096 Osanno

214 1165 335 1226 autem
353 1153 431 1248 ipso
449 1155 566 1227 babeo
583 1157 682 1251 qnod
706 1154 802 1226 baud
829 1153 1006 1226 immerito
1025 1177 1170 1250 querar.
1225 1156 1416 1251 Augustus

217 1282 353 1368 Biiclsb,
389 1283 443 1360 uir
476 1283 648 1356 doctrinae
682 1293 794 1377 atque
834 1283 976 1356 virtutis
1008 1283 1105 1356 fama
1141 1282 1411 1366 celeberrimus,

214 1434 259 1482 ex
287 1409 402 1489 amico
435 1433 514 1480 meo
540 1409 841 1482 desideratissimo
866 1411 910 1482 E.
937 1410 986 1481 Ι).
1010 1410 1141 1484 Clarke
1170 1411 1348 1505 petiverat
1374 1422 1414 1482 ut

212 1533 368 1631 aliquem
384 1547 564 1633 quaereret
581 1537 642 1631 qui
663 1563 877 1616 marmorum
897 1541 1175 1636 Elginianorum
1194 1543 1411 1637 apographa

211 1671 250 1741 in
279 1692 381 1740 usum
409 1668 614 1740 Academiae
644 1669 911 1742 Berolinensis¹
936 1670 1145 1744 conficeret.
1200 1671 1307 1762 Quod
1325 1697 1408 1746 cum

213 1798 380 1874 Clarkius
416 1797 574 1894 negotiis
603 1799 739 1872 scilicet
771 1811 972 1895 occupatus
1007 1797 1150 1872 efficere
1178 1801 1360 1897 nequiret,
1386 1828 1410 1876 a

214 1952 270 2004 me
295 1929 424 2025 petivit
447 1940 487 2001 ut
510 1930 546 2001 id
572 1930 756 2028 negotium
782 1931 1013 2024 susciperem.
1065 1927 1149 2026 Ego
1168 1930 1313 2026 quidem
1332 1955 1408 2006 om·

213 2066 326 2152 nium,
361 2066 482 2152 credo,
522 2064 797 2160 inscriptionum
840 2062 1057 2135 ineditarum
1082 2063 1182 2156 (ante
1217 2064 1406 2142 Euclidem
1507 2127 1512 2135 .

210 2194 420 2267 archontem
446 2193 615 2266 marmori
641 2189 926 2282 commissarum)
952 2201 989 2263 et
1006 2213 1201 2286 paucarum
1228 2204 1407 2286 praeterea

210 2327 425 2420 apographa
462 2327 503 2396 in.
540 2325 692 2422 hujusce
727 2323 839 2394 libelli
882 2346 986 2393 usum
1026 2321 1269 2400 confeceram.
1330 2325 1407 2402 Has

211 2476 292 2544 cum
319 2452 484 2525 Bilckbio
510 2453 679 2524 lubenter
704 2453 781 2546 ipse
808 2450 1070 2527 communicavi
1098 2461 1239 2530 etcum
1265 2451 1406 2548 juvene

212 2581 366 2676 quodam
390 2581 530 2652 erudito
548 2581 599 2653 Τ.
618 2579 656 2650 S.
676 2579 795 2652 Evuns
824 2591 950 2674 pactus
974 2605 1052 2652 sum
1081 2592 1139 2667 ut„
1153 2604 1244 2676 quas
1261 2605 1334 2678 ego
1351 2581 1406 2653 in-

208 2716 320 2780 tactas
339 2707 571 2803 reliquissem,
591 2730 652 2777 eas
671 2708 901 2779 describeret.
941 2705 1023 2778 Jam
1041 2706 1226 2793 Osannus,
1255 2718 1293 2778 ut
1309 2707 1406 2779 uidc-

189 2835 279 2924 ‘tur,
305 2837 443 2934 aliquot
460 2846 569 2910 antea
590 2835 707 2922 annis,
732 2861 812 2908 cum
837 2837 904 2909 iter
926 2859 991 2930 per
1010 2817 1236 2907 Britanniam
1257 2835 1407 2924 faceret,

209 2962 374 3043 Biiclrbio
391 2969 605 3066 promiserat
626 2977 667 3038 ut
692 2967 786 3038 idem
806 2965 992 3064 negotium
1011 2965 1222 3060 susciperet.
1272 2965 1406 3038 Redux

207 3110 326 3172 autem
360 3107 508 3169 nectere
544 3119 661 3168 moras
691 3093 814 3189 coepit‚
850 3116 919 3165 nec
953 3091 1089 3188 aliquid
1118 3114 1199 3163 cum
1237 3090 1404 3163 B'dclsbio

208 3225 493 3298 communicavit.
545 3225 638 3296 Cum
680 3249 770 3323 crgo
814 3249 894 3296 mea
931 3234 969 3296 et
1009 3221 1159 3297 Evansii
1194 3223 1405 3320 apographa

207 3354 408 3450 accepisset
438 3354 635 3443 Biickbius,
664 3356 815 3429 Osanno
844 3354 987 3449 scripsit
1007 3377 1046 3424 se
1071 3354 1118 3425 ab
1145 3351 1224 3424 aliis
1255 3363 1405 3447 accepta

207 3488 342 3560 habere
386 3511 468 3582 quae
515 3489 561 3558 ab
607 3487 667 3559 illo
710 3487 907 3583 petivisset,
943 3507 1131 3581 superesse
1164 3493 1296 3567 autem,
1334 3483 1404 3555 nisi

207 3647 351 3696 omnem
376 3622 529 3722 gratiam
557 3625 709 3717 perdere
727 3621 843 3707 vellet,
865 3631 903 3693 ut
927 3620 1144 3717 apographa
1170 3643 1193 3690 a
1220 3641 1277 3690 me
1297 3611 1404 3690 missa

201 3837 357 3914 jucundum
370 3844 443 3892 esset
456 3835 574 3892 Graecas
586 3836 776 3910 inscriptiones
827 3850 912 3888 onum
931 3829 1018 3898 brevi,
1040 3838 1072 3886 ut
1096 3846 1186 3902 spero,
1213 3827 1339 3883 editurus
1358 3836 1402 3916 est

206 3931 355 4006 separatim
380 3930 491 3999 intueri,
519 3931 559 3988 ita
583 3931 694 4007 quidem
723 3931 776 3988 dis·
827 3925 982 3996 ascanius,
1002 3925 1031 3981 in
1041 3926 1095 3980 hnc
1107 3940 1207 3998 genere
1218 3921 1301 3978 hodie
1315 3921 1398 3995 longe

206 4025 319 4101 positas,
356 4035 387 4081 ut
424 4025 606 4098 precederent
643 4025 775 4100 antiquis·
826 4022 940 4096 primus.
977 4014 1314 4086 Fel'suvere'lltsdemia,
1338 4034 1401 4092 quae

205 4120 314 4180 sime.''
824 4107 1118 4183 scilicet‘ssocknium,
1133 4112 1304 4180 Belrkerum,
1322 4109 1402 4168 Butt-

824 4229 960 4268 mannum
973 4229 1024 4267 suo
1037 4210 1065 4266 iu
1079 4208 1142 4266 sinu
1157 4207 1261 4277 foveat,
1281 4216 1313 4264 ut
1325 4205 1397 4266 alios

246 4309 401 4383 ‘Hujusce
442 4307 604 4366 Academia
642 4307 772 4380 auspiciis
822 4318 931 4364 taceam
945 4325 1013 4380 quos
1032 4315 1127 4364 tamen
1140 4305 1190 4364 vix
1201 4302 1244 4360 ias
1263 4311 1307 4364 est
1318 4302 1400 4362 silen-

203 4411 283 4478 atque
308 4399 464 4477 sumptibus
491 4402 600 4476 Corpus
631 4400 774 4474 Inscripti·
822 4403 860 4457 tio
881 4403 1030 4474 preterire.
