3204 5104
23 4459 25 4479 l

25 4589 27 4606 Ι

544 999 696 1152 Cnoss.
724 1066 760 1147 Ι.
812 1063 965 1146 Inscn.
990 1059 1097 1142 VII.

467 1333 826 1411 lNSCRlPTlO
879 1327 1177 1406 DIDYMEA.

652 1549 745 1607 TAB.
767 1547 823 1608 lll.
865 1549 937 1607 Fio.
959 1545 1012 1604 1v.

766 1781 895 1830 ..ψ-
1003 1739 1008 1748 ,

229 2005 341 2074 Ionian
357 2000 550 2088 Antiquitien
565 2001 630 2080 (ed.
648 1996 695 2071 Ω.)
713 1997 791 2063 Pars
808 1996 835 2062 l.
851 1995 884 2062 in
901 1995 984 2062 Tan.
998 1998 1042 2074 nd
1058 1996 1127 2064 init.
1146 2021 1216 2084 cap.
1236 1996 1304 2064 ΙΙΙ.
1323 2021 1357 2082 p.
1374 2005 1428 2072 29.

436 2134 468 2189 et
491 2145 508 2186 e
531 2120 654 2188 schedis
676 2118 716 2185 C.
737 2119 780 2184 R.
804 2111 980 2184 Coclerell.
1003 2129 1035 2182 et
1057 2117 1102 2183 G.
1128 2117 1216 2183 Gell.

311 2333 451 2418 Pnonn
486 2341 607 2415 ruinas
643 2342 768 2439 templi
799 2341 976 2437 Apollinis
1009 2339 1181 2440 Didymei
1208 2350 1353 2438 reperta
1378 2350 1434 2415 est

235 2477 318 2549 haec
335 2472 534 2572 inscriptio.
586 2475 628 2546 ln
651 2475 863 2574 apognlpho
886 2473 983 2548 edito
1002 2473 1117 2548 litenae
1139 2473 1189 2548 ita
1210 2499 1330 2573 pnrvae
1352 2483 1436 2549 sunt

237 2618 281 2680 ut
315 2603 360 2678 (le
389 2605 433 2678 iis
463 2603 524 2678 vix
550 2614 648 2677 necte
667 2604 826 2702 judicari
848 2604 972 2701 possit.
1024 2603 1182 2680 Lenkins
1203 2615 1336 2695 nutem,
1363 2628 1437 2703 qun

238 2761 382 2834 semper
412 2747 468 2810 est
499 2736 736 2827 humanitate,
770 2739 1032 2838 Apographum
1060 2762 1083 2810 a
1116 2739 1164 2814 G.
1194 2739 1279 2814 Gell
1300 2739 1436 2813 factum

240 2893 382 2944 mecum
414 2865 703 2942 communicavit.

317 2998 534 3072 Oockerellii
563 2999 825 3100 Apographum
851 3002 887 3073 in
908 3001 1025 3098 prima
1046 3001 1145 3074 linea
1171 3009 1440 3082 ΜΒΣΙΑΝΑΣ

241 3129 354 3204 hobel
379 3154 463 3229 quae
492 3153 562 3204 vox
589 3131 695 3203 nauci
729 3141 796 3204 est.
849 3131 1066 3229 Legendum
1098 3111 1311 3228 Ερμησιαναξ
1343 3129 1441 3227 quod

243 3289 378 3339 nomen
414 3265 511 3362 opud
552 3265 661 3338 lones
699 3265 849 3365 vulgare
864 3266 887 3338 ¹.
943 3267 1053 3365 lapis
1093 3290 1116 3338 a
1151 3266 1296 3340 sinistro
1329 3267 1443 3340 latere

241 3397 420 3493 abruptus
444 3405 510 3469 est.
568 3393 865 3470 Hermesinnnctn
898 3398 1080 3496 quendam
1107 3398 1167 3472 cui
1191 3409 1308 3473 statua
1338 3396 1443 3470 Elide

244 3527 418 3602 suscitata
435 3525 508 3599 init
526 3499 700 3600 memonlt
717 3529 918 3604 Pausanias
927 3528 953 3602 ².
996 3529 1041 3603 In
1061 3530 1159 3605 linea
1173 3531 1282 3605 tertia
1299 3552 1445 3630 quoquo

246 3663 495 3739 Cockerellius
519 3662 611 3764 legit
636 3672 829 3751 ΛΙΝΔΙΩ,
857 3666 954 3764 quod
981 3665 1041 3741 vix
1068 3690 1192 3742 verum
1215 3689 1296 3740 esse
1316 3674 1447 3762 potest.

250 3796 374 3872 Lindii
401 3795 546 3896 quidem
578 3797 691 3872 veteri
716 3795 894 3896 religione
916 3797 1183 3888 innotuerunt³3
1212 3797 1301 3897 qnid
1326 3807 1447 3872 autem

252 3934 386 4009 Lindio
413 3935 575 4032 Apollini
601 3959 684 4008 cum
712 3929 956 4008 Branchidis?

294 4167 370 4228 ¹Cs.
392 4171 477 4228 Pauo.
495 4169 520 4229 l.
534 4175 565 4238 9.
586 4168 658 4229 Vll.
676 4175 722 4234 17.
882 4167 1023 4226 Bentleins
1067 4167 1187 4226 advocat
1232 4167 1324 4230 Clem.
1363 4170 1450 4230 Alex.

296 4316 348 4376 ,p
422 4317 467 4375 Vl
496 4323 507 4374 l
881 4263 986 4324 Strom.
1023 4262 1046 4323 l.
1081 4281 1109 4338 p.
1146 4267 1214 4322 151.
1268 4263 1390 4324 Pausan.
1422 4263 1452 4322 in

350 4335 411 4376 ²¹¹⁸·
471 4358 478 4373 ·
513 4322 542 4383 ⁷·
881 4359 1010 4419 eonon.
1031 4377 1059 4434 ρ.
1073 4356 1123 4419 oo.
1165 4357 1211 4417 cf.
1232 4359 1319 4418 enam
1341 4359 1450 4422 omn.

297 4461 382 4524 ³Ci.
425 4461 517 4522 strab.
558 4459 643 4519 XlV.
692 4479 720 4535 p.
759 4455 829 4520 655.
883 4455 958 4514 Fut.
982 4456 1047 4514 Att.
1059 4452 1084 4512 1.
1105 4472 1134 4528 p.
1146 4457 1215 4513 323.
1238 4461 1268 4514 et
1288 4453 1453 4532 Apollodor.

261 4557 373 4620 Cnllim.
401 4581 429 4636 p.
453 4563 523 4621 105.
555 4557 609 4616 Ed.
646 4555 754 4616 Blomi.
784 4553 831 4612 ubi
882 4550 1104 4624 Bibl.11.4‚⁸.
