3158 5104
506 1263 657 1347 Crass.
685 1264 751 1348 11.
802 1265 955 1352 lusca.
985 1271 1038 1355 X.

279 1585 588 1665 mscnrr'rro
615 1589 879 1669 mmssmn
905 1595 1020 1671 slva
1048 1595 1255 1676 sacrun.
1287 1581 1292 1586 ’

694 1847 784 1907 Tau.
804 1851 844 1908 Χ.

702 2075 841 2125 -4-

259 2309 418 2375 Dodwali.
436 2307 514 2412 Ἰῑὶιι.
537 2307 635 2374 Tom.
654 2307 699 2373 ΙΙ.
725 2330 758 2392 p.
777 2315 853 2372 221.
907 2306 994 2372 Gell.
1012 2307 1122 2393 Argoi.
1148 2307 1230 2376 Tab.
1249 2319 1279 2382 7.

246 2525 390 2621 Aaors,
417 2540 457 2605 ut
482 2531 567 2606 satis
595 2542 719 2606 notum
743 2541 810 2623 est,
840 2531 921 2604 duae
944 2540 1051 2604 eraut
1071 2555 1185 2622 arces,
1214 2556 1367 2632 quarum

165 2663 232 2738 uui
270 2663 426 2740 larissae
452 2687 596 2738 noman.
647 2661 703 2736 lbi
731 2686 754 2735 a
778 2661 900 2736 Gellio
929 2673 967 2736 et
994 2661 1197 2739 Dodsscliio
1226 2677 1370 2764 reperta

166 2805 224 2868 est
249 2795 490 2870 vetustissima
514 2797 593 2868 haec
619 2794 815 2892 inscriptio.
870 2794 1017 2868 Dudum
1044 2807 1164 2870 autem
1189 2808 1276 2872 ante
1303 2823 1368 2874 eos

169 2927 309 3004 viderat
322 2942 433 3027 atque
451 2929 690 3027 exscripserat
707 2926 980 3019 Fourmoutius,
995 2929 1100 3028 cujus
1116 2932 1366 3029 apographum

168 3083 252 3132 cum
293 3058 546 3133 Dodweiiiano
580 3059 751 3158 congruit
787 3059 853 3131 nisi
889 3060 987 3157 quod
1024 3058 1120 3131 linea
1157 3059 1263 3131 tertia
1299 3084 1366 3158 pro

168 3196 319 3266 ΑΜΟΜ
364 3189 463 3288 legat
506 3193 777 3266 ΠΟΤΑΜΟΜ.
848 3189 906 3262 De
948 3190 1065 3262 forma
1106 3189 1288 3264 literarum
1328 3194 1366 3266 in

170 3317 393 3394 praefatione
411 3317 497 3391 dixi.
531 3315 713 3408 Quidnam
733 3317 976 3415 inscriptionis
997 3331 1251 3418 argumentum
1272 3335 1368 3398 esset

168 3455 289 3528 dicere
313 3477 467 3551 nequeo.
520 3451 628 3549 Apud
653 3449 807 3538 Atticos,
836 3451 983 3525 nomina
1012 3451 1163 3526 militum
1188 3455 1273 3526 dum
1299 3479 1366 3552 pro

167 3588 283 3685 patria
308 3577 517 3686 pugnarent
535 3607 708 3658 caesorum
736 3584 971 3658 marmoribus
995 3584 1243 3661 tradebantur.
1289 3585 1366 3662 Sed

167 3718 226 3792 bic
250 3714 388 3812 aliquid
415 3713 542 3812 majus,
574 3711 641 3785 nisi
668 3711 782 3799 failor,
818 3711 1002 3786 memoriae
1032 3713 1280 3790 mandabatur.
1331 3715 1365 3788 Ε

167 3847 375 3925 nominibus
400 3844 461 3918 bic
490 3842 705 3932 memoratis,
731 3841 852 3941 aliqua
880 3840 1118 3916 celeberrima
1143 3854 1237 3930 sunt,
1270 3843 1365 3943 Hip·
1422 3863 1424 3870 ⁴

166 3982 359 4081 pomedon,
399 3976 549 4064 scilicet,
583 3974 810 4062 Sthenelaus,
849 3975 1036 4062 Adrastus,
1076 3973 1295 4063 Arcesilaus,
1327 3987 1365 4051 et

166 4137 187 4187 c
220 4119 363 4185 vetusta
398 4106 569 4180 momoria
602 4103 767 4202 repetita.
821 4103 1004 4178 Bdckhius
1038 4104 1101 4202 qui
1136 4103 1364 4180 Fourmontii

163 4240 414 4342 apographum
446 4236 586 4312 viderat
610 4237 704 4312 lectu
739 4259 819 4311 esse
850 4233 1093 4310 difficillimam
1125 4235 1361 4336 Epigrapben

165 4385 270 4476 putat
303 4375 459 4448 necdum
499 4396 582 4470 quae
615 4371 683 4448 sibi
717 4367 939 4447 satisfaciant
968 4395 1008 4447 sa
1045 4370 1222 4470 reperisse
1260 4371 1359 4446 dicit.

165 4509 219 4584 lta
246 4518 370 4582 tomen
401 4505 492 4604 tegit
