3196 5100
395 910 547 993 Cusas.
577 910 670 992 III.
724 911 852 994 Such.
880 909 946 994 11.
1000 914 1156 998 Inscn.
1182 913 1238 1000 X.

452 1113 690 1188 MARMOR
718 1115 1065 1192 ELGINIANUM
1095 1117 1177 1192 v11.

690 1323 782 1380 TAB.
805 1325 950 1383 XXXIV.

739 1550 871 1588 -4-

474 1739 595 1802 Osann.
617 1739 737 1823 Syllog.
759 1763 790 1822 p.
808 1749 837 1804 3.
893 1741 932 1804 M
937 1765 983 1805 us.
1003 1740 1075 1805 Cat.
1095 1749 1170 1806 288.

296 1901 388 1990 En!
423 1919 578 2012 lapidem
609 1921 739 1992 misere
767 1921 942 2008 mutilum,
981 1922 1128 1995 minime
1151 1933 1276 1996 autern
1304 1925 1421 2023 negli-

221 2046 383 2141 gendum
414 2069 525 2141 quurn
555 2068 730 2116 summam
749 2065 825 2139 prae
849 2071 887 2116 se
914 2050 1102 2118 vetustatis
1130 2051 1288 2142 speciem
1315 2050 1420 2138 ferat,

222 2171 259 2240 id
282 2172 378 2264 quod
411 2193 432 2239 c
461 2167 661 2241 litterarum
697 2169 822 2240 formis
856 2169 969 2241 cuivis
1002 2173 1087 2241 satis
1117 2184 1226 2266 patet.
1282 2175 1442 2274 Foetlus

223 2300 317 2374 inter
349 2300 594 2374 Athenienses
625 2314 664 2374 ct
692 2301 883 2400 Erythaeos
914 2301 1089 2375 exhibere
1119 2302 1273 2376 videtur.
1326 2305 1421 2378 Tres

221 2443 262 2505 ut
306 2434 447 2507 videtur
489 2433 597 2506 urbes
640 2435 742 2508 fuere
780 2434 911 2530 quibus
955 2455 1089 2508 nomen
1127 2444 1207 2506 erat
1242 2433 1420 2530 Erythris,

219 2566 256 2639 in
298 2567 402 2639 lonia
417 2568 439 2653 ¹,
476 2566 513 2638 in
563 2565 742 2652 Boeotia²,
776 2567 814 2638 in
855 2566 989 2640 Africa.
1057 2567 1116 2638 Ad
1159 2567 1309 2662 primam
1360 2567 1418 2641 vix

219 2692 344 2766 dubito
386 2693 474 2790 quin
520 2694 589 2766 hoc
625 2693 752 2766 fredus
795 2693 975 2787 respiciet,
1009 2716 1091 2765 curn
1129 2715 1255 2765 omnes
1303 2691 1419 2764 loniae

222 2824 387 2899 civitates
412 2824 699 2896 Atheniensibus
727 2825 839 2896 fuisse
868 2822 1076 2894 tributarias
1099 2833 1181 2918 post
1198 2823 1259 2894 01.
1275 2845 1419 2896 uxxvn.

218 2977 334 3049 usque
368 2955 414 3023 ad
456 2952 516 3023 01.
551 2975 640 3023 xcn.
676 2953 760 3024 satis
794 2951 981 3046 cognitum
1018 2955 1075 3024 sit.
1128 2955 1236 3046 Quod
1275 2966 1417 3028 aetatem

115 3097 123 3108 ’
219 3083 344 3178 lapidis
368 3083 498 3154 attinet
520 3080 608 3152 nihii
633 3081 721 3153 certi
742 3080 910 3174 proiecto
936 3083 1045 3153 statui
1070 3093 1201 3176 potest.
1244 3085 1418 3157 Attamen

221 3215 315 3285 haud
341 3215 450 3312 longe
479 3237 501 3284 a
524 3211 751 3286 Nointeliani
781 3211 966 3284 marmoris
996 3209 1101 3309 primi
1128 3211 1257 3284 abesse
1277 3213 1418 3312 judico.

220 3342 369 3417 Litterae
393 3345 553 3442 ejusdem
578 3367 692 3439 prope
711 3343 837 3415 formae
856 3354 942 3415 sunt
966 3353 1004 3414 at
1028 3341 1217 3438 aliquanto
1245 3343 1419 3416 rudiores.

296 3473 493 3547 Ἐπίσκοποι
518 3485 555 3547 et
585 3475 796 3572 φρούραρχοι
828 3473 864 3544 in
896 3471 1134 3567 inscriptione
1161 3481 1417 3544 memorantur.

221 3605 391 3701 Episcopi
421 3575 539 3679 iidem·
555 3629 669 3702 prope
699 3630 742 3678 ac
774 3602 1043 3678 Lacedaemonii
1077 3603 1281 3676 Harmostae
1307 3603 1418 3676 fuisse

219 3735 400 3819 videntur,
450 3735 600 3808 ministri
636 3760 684 3807 sc.
718 3736 753 3806 in
790 3734 952 3806 civitates
992 3734 1201 3806 tributarias
1241 3734 1339 3808 missi
1379 3747 1419 3807 ut

222 3859 343 3933 omnia
370 3863 418 3934 ad
446 3861 720 3935 Atheniensium
752 3861 970 3934 uoluntatem
998 3859 1234 3958 dirigerent³.
1288 3861 1419 3960 φρουρά

263 4083 271 4113 ¹
295 4083 343 4144 Cf.
362 4086 449 4146 Paua.
470 4086 540 4144 vlt.
560 4093 590 4156 3,
613 4093 642 4145 t.
685 4087 793 4146 Athen.
845 4086 963 4147 Mhlier.
976 4087 1144 4148 Geschicht.
1159 4109 1188 4164 p.
1201 4093 1271 4148 213.
1287 4094 1357 4155 489.

224 4173 279 4236 Vi.
306 4184 376 4238 258.
408 4181 439 4241 F.
481 4178 598 4242 Miiiler.
628 4181 792 4240 Geschicht.
885 4180 962 4238 ³Ci.
983 4182 1080 4241 Schnl.
1096 4183 1241 4258 Aristoph.
1258 4188 1315 4244 Av.
1331 4193 1419 4246 102³.

222 4291 250 4348 p.
264 4279 334 4341 399.
846 4276 923 4335 Suid.
956 4278 982 4334 in
1019 4297 1096 4349 rore,
1118 4289 1147 4336 et
1184 4280 1253 4338 alios
1286 4280 1418 4361 Lexicog.

262 4367 275 4400 ²
302 4366 349 4426 Cf.
380 4367 473 4428 Schol.
500 4369 630 4447 Thucyd.
660 4369 717 4432 111.
746 4375 793 4430 24.
845 4371 1349 4447 uockh.'rom.1.16n256.457.
1377 4387 1381 4394 ’
