3218 5116
808 364 878 440 164
1208 367 1361 464 [Crass.
1387 373 1452 442 111.

251 551 332 626 isus
352 551 424 628 olei
446 551 558 626 Attici
578 551 728 650 periret,
755 576 898 652 semper
916 551 1079 628 oieemm
1096 553 1277 630 sationem
1294 555 1453 630 studiose

252 679 469 758 observabat
490 685 610 780 'atque
643 683 825 758 tuebatur.
893 685 1033 760 Omnes
1065 709 1134 784 per
1169 687 1330 762 Atticum
1360 687 1452 760 oieae

254 812 357 911 quasi
380 813 534 910 publices
569 814 809 904 habebantur,
835 838 989 912 quarum
1022 815 1085 914 qui
1116 839 1227 890 unam
1258 843 1283 890 c
1306 815 1452 914 proprio

252 943 366 1042 ipsius
402 969 494 1045 agro
527 945 699 1020 radicitus
733 947 912 1021 evulserit·
933 944 1005 1020 nisi
1039 951 1087 1022 ad
1121 935 1226 1022 usum
1258 971 1451 1034 sacrorum,

252 1081 383 1154 aemrio
398 1092 543 1156 centum
563 1081 752 1162 drachmas
769 1081 994 1175 totidemque
1010 1082 1214 1156 accusatori
1232 1080 1450 1179 pendebat&

254 1221 328 1298 Sed
344 1221 400 1294 his
412 1231 536 1295 metus
558 1219 616 1293 iiie
631 1217 793 1294 nondum
813 1218 980 1292 dimotus.
1035 1217 1189 1292 Palladi
1205 1217 1271 1315 ipsi
1290 1219 1452 1290 custodia

251 1352 393 1429 arboris
421 1351 655 1427 vivacissimae
687 1353 850 1451 (γλαυκᾶς
878 1347 1004 1444 ἐλαίας)
1039 1348 1215 1437 tramissa,
1241 1360 1284 1422 ut
1316 1349 1450 1422 ficuum

254 1505 344 1556 cura
369 1480 513 1556 Cereri·
528 1481 618 1578 (iepci
648 1486 734 1566 συκῆ
759 1478 807 1552 ad
835 1477 930 1551 viam
956 1477 1209 1572 Eleusiniam.)
1262 1477 1452 1552 Numerus

253 1614 424 1690 definitus
451 1613 613 1686 olearum
636 1613 716 1684 dcoe
740 1620 981 1684 consecratus.
1034 1609 1149 1684 Fama
1175 1620 1265 1710 orat,
1293 1610 1449 1706 primum

251 1741 446 1818 duodecim
489 1731 666 1812 surculos
691 1737 781 1812 oleae
823 1759 870 1810 ex
908 1761 993 1812 arce
1032 1711 1260 1834 deplantatos
1295 1761 1393 1818 essa,
1414 1739 1450 1811 in

247 1863 486 1944 Academiam
512 1865 558 1937 ad
585 1863 759 1960 templum
782 1863 973 1950 Minervae,
997 1864 1059 1938 ubi
1084 1889 1147 1938 ara
1168 1861 1274 1940 doris
1298 1874 1448 1966 Μαρίους

251 2007 338 2082 irinc
376 2011 525 2078 caeteras
559 2027 639 2078 esse
669 2002 922 2102 propagates².
972 2003 1073 2088 Nam
1109 2004 1145 2078 in
1178 2005 1277 2078 omni
1311 2027 1448 2103 cumpo,

249 2137 316 2236 qui
347 2162 372 2210 a
404 2135 582 2234 Cephisso
613 2134 685 2208 iate
710 2135 857 2232 patabat
893 2130 1030 2231 (Uedios
1044 2133 1084 2228 ³,)
1122 2135 1232 2208 etiam
1270 2134 1320 2208 irt'
1350 2136 1450 2230 agris

252 2280 290 2346 ct
313 2267 490 2344 arderetis
505 2266 664 2362 priuatis
675 2274 697 2356 ⁴,
724 2266 856 2363 passim
882 2267 1077 2340 exstabant
1096 2266 1187 2340 oleoe
1211 2289 1336 2356 sacrae,
1363 2293 1449 2366 quas
1523 2343 1529 2366 x

252 2403 389 2478 iredere
414 2399 527 2476 nefus.
581 2397 653 2489 Qui
682 2397 903 2470 emdicasset
930 2399 962 2492 (ὁ
989 2397 1184 2498 ἁφανίζων,)
1212 2410 1326 2474 morte
1353 2400 1450 2498 picc-

251 2538 415 2632 tcbatun
462 2535 589 2626 Μορὶαι
617 2528 723 2602 dictae
759 2553 841 2625 qum
874 2529 1015 2602 fructus
1049 2530 1284 2626 praebebant:
1312 2531 1450 2628 stipites

252 2659 396 2735 arboris
439 2658 630 2755 longaevae,
673 2652 776 2751 ligno
820 2656 967 2754 quidem
1010 2667 1049 2730 et
1086 2655 1196 2730 ramis
1226 2639 1356 2746 vuidis
1386 2663 1449 2734 sed

248 2788 432 2870 fructibus
459 2785 568 2876 effeti,
592 2787 744 2868 annoti
799 2785 863 2860 Ne
891 2787 972 2886 quis
1001 2811 1084 2884 quas
1113 2791 1160 2861 de
1182 2788 1372 2866 arboribus
1394 2791 1449 2864 his

253 2919 395 2996 sancita
433 2929 548 3006 erant,
586 2916 698 3014 impie
733 2927 934 3013 sperneret,
953 2919 1122 3008 *cavebat
1154 2931 1304 2995 senatus
1337 2925 1450 2996 treo-

254 3055 439 3156 pagiticus
486 3075 570 3125 cum
622 3077 676 3124 rx.
720 3050 996 3128 archontibus⁶2
1048 3051 1110 3148 qui
1157 3077 1279 3126 mense
1324 3054 1449 3152 quovis

251 3187 472 3272 ἐπιμελητάς,
501 3181 697 3280 quotannis
727 3183 957 3279 ἐπιγνώμονας
994 3183 1124 3272 misit⁷,
1161 3186 1224 3283 qui
1258 3210 1448 3262 numerum

295 3457 304 3488 ¹
326 3449 478 3512 Demosth.
494 3450 521 3510 in
535 3451 659 3510 Macart.
681 3470 708 3527 p.
726 3453 814 3514 1074.
875 3450 985 3524 pietatis
998 3451 1076 3510 obliti
1090 3459 1180 3522 eraut,
1202 3471 1258 3530 quc
1277 3453 1449 3514 Archidamo

292 3548 442 3606 'Suids
457 3566 486 3605 v.
499 3547 605 3626 μορίαι.
627 3547 664 3604 ci.
682 3546 763 3602 ister.
778 3563 824 3617 apt.
875 3546 944 3602 duce
975 3545 1149 3604 incursantes
1182 3549 1218 3604 ab
1252 3547 1347 3607 iisdem
1380 3549 1448 3608 oleis

251 3648 341 3724 Soph.
373 3643 442 3705 OEd.
471 3643 505 3703 C.
542 3644 613 3712 697·
676 3641 824 3716 Aristoph.
875 3657 976 3698 manus
989 3641 1190 3700 abstinuerant.
1231 3641 1390 3705 Philochor.
1404 3663 1449 3720 sp.

253 3745 333 3806 Nub.
346 3747 434 3802 1005.
448 3759 475 3800 c.
490 3737 587 3798 Schol.
600 3741 684 3798 Paus.
702 3739 726 3794 1.
738 3743 824 3810 eost.
875 3738 943 3800 sch.
958 3738 1046 3814 Soph.
1058 3737 1078 3796 1.
1091 3739 1114 3795 1.
1128 3734 1200 3806 697.
1221 3759 1250 3814 ρ.
1268 3747 1317 3807 57.
1332 3742 1408 3802 Siab.

253 3835 388 3914 Apollod.
402 3856 448 3914 ap.
463 3835 558 3896 Schol.
574 3835 648 3892 laud.
660 3853 686 3889 v.
701 3839 770 3898 702.
915 3834 927 3864 ⁵
946 3835 1019 3893 ilaec
1041 3835 1098 3893 tere
1122 3845 1165 3893 est
1186 3841 1330 3896 sententia
1351 3839 1449 3896 Mom-

292 3933 433 4012 ³Lysiae·
448 3961 481 3994 r.
512 3933 599 4002 σηκοῦ
625 3933 769 4004 &conopia
796 3951 826 4008 p.
874 3929 952 3988 iandi
978 3931 1014 3988 ad
1043 3936 1110 4001 109,
1137 3937 1182 3988 10.
1225 3919 1272 3989 Ad
1295 3950 1357 4006 quae
1383 3951 1449 4006 pro·

254 4043 323 4106 110,
338 4039 388 4094 00.
878 4025 971 4084 banda
988 4025 1104 4096 iaciunt,
1125 4043 1187 4102 quae
1204 4034 1297 4084 orator
1308 4025 1344 4082 ds
1357 4025 1447 4107 πρέμ-

290 4130 388 4188 ⁴Hoc
401 4127 494 4188 omnis
507 4126 608 4202 probat
622 4122 715 4198 Lysiae
728 4122 824 4185 cretio.
877 4149 929 4184 sors
956 4133 984 4181 st
1009 4125 1103 4203 frison
1129 4123 1244 4184 arboris.
1300 4122 1347 4184 Cf.
1378 4125 1447 4204 Λέξ.

253 4227 364 4300 Quasi
388 4245 417 4302 p.
442 4231 509 4301 108‚
532 4227 583 4282 42.
618 4220 824 4280 Lacedamonii
873 4221 1089 4304 ρετ.1.ρ.304.
1106 4220 1224 4278 Bekker.
1239 4217 1447 4288 corde-itam

251 4332 426 4390 accusamur,
445 4319 518 4395 quod
531 4318 677 4376 olssstum
689 4317 824 4391 proiectas
874 4311 1085 4386 ἤιολῦκλαδω,
1105 4321 1133 4370 et
1148 4312 1258 4372 Suidss.

251 4422 313 4472 tum
335 4432 428 4472 sacres
448 4409 576 4472 incendio
598 4408 762 4468 ioedeverint
780 4411 822 4488 (iu
878 4467 882 4475 ,
913 4406 1160 4485 ο1,γ1.110.17.

253 4511 429 4587 expeditione
454 4505 621 4588 Lysandrip
653 4509 672 4568 ii
696 4509 820 4587 pristina
911 4508 921 4540 ⁷
943 4505 1139 4572 11111019.
