3188 5102
199 399 322 464 lusci.
351 400 413 478 li]
773 413 840 473 νει

546 557 703 668 ᾰνᾶλονμο
719 583 742 653 ¹.
790 585 938 680 Κόρκυρα

544 711 703 786 ΒοίσκονΙ
730 713 941 812 Λυκόφρονος

639 840 841 917 Δωδωναῖον.

267 977 352 1053 Ηοο
393 981 576 1062 decretum
610 1009 684 1056 una
722 1007 804 1055 cum
848 983 963 1054 tribus
995 981 1075 1052 aliis
1107 983 1235 1054 iisdem
1278 1005 1393 1078 prope

188 1107 306 1179 verbis
326 1110 512 1204 conceptis
537 1109 573 1180 in
594 1111 755 1207 Corcyra
772 1122 954 1204 repertum
974 1119 1039 1194 est,
1067 1120 1105 1180 et
1132 1133 1204 1204 quo
1218 1120 1392 1205 ‘tempore

187 1233 280 1306 liber
321 1235 548 1333 Mustoxydii
588 1237 722 1333 publici
768 1239 865 1336 juris
900 1239 1018 1309 factus
1062 1247 1131 1324 est,
1179 1237 1216 1308 in
1255 1237 1390 1309 Museo

187 1364 374 1436 Francisci
425 1365 668 1438 Prossaiendii
716 1369 936 1441 servabatur.
984 1367 1121 1439 Omnia
1171 1368 1208 1438 in
1256 1367 1388 1440 tabulis

184 1493 451 1588 aeneo-cupreis
495 1494 628 1588 scripta
672 1509 756 1566 sunt
799 1508 835 1567 et
878 1494 995 1566 eidem
1045 1471 1151 1566 aeiati
1192 1495 1387 1568 tribuenda

183 1623 359 1695 videntur.
413 1621 557 1692 Cretera
580 1623 786 1696 exscribere
812 1623 909 1694 haud
932 1647 1024 1716 opus
1048 1634 1113 1695 est.

183 1846 251 1907 ³79.
275 1841 355 1897 Pind.
371 1841 421 1899 Ol.
432 1841 486 1898 Vl.
502 1848 550 1902 54.
581 1844 666 1902 Decr.
683 1845 752 1919 Byz.
806 1843 937 1916 Xenoph.
950 1845 1045 1900 Aneb.
1062 1848 1090 1899 5.
1103 1848 1131 1900 8.
1147 1847 1184 1909 7;
1206 1841 1300 1898 inveni
1315 1858 1383 1917 quo·

182 1935 254 2008 apud
288 1934 439 1994 Demosth.
469 1936 515 1990 ubi
549 1953 644 2008 supra.
687 1936 752 1992 Mos
804 1954 857 2010 qne
872 1937 924 1991 hoc
939 1953 1042 1992 nomen
1053 1937 1081 1992 in
1097 1936 1153 1994 alio
1168 1937 1290 2012 quodam
1306 1952 1383 1991 mar-

181 2038 241 2085 erat
265 2028 425 2102 hujusmodi
449 2030 560 2084 decreta
585 2029 614 2084 iri
643 2027 753 2101 publico
804 2045 883 2083 more
906 2027 1054 2102 Elginiano
1077 2031 1178 2105 inquo
1202 2039 1384 2088 recensentur

181 2121 273 2195 aliquo
288 2122 350 2178 loco
368 2121 546 2194 suspendere.
590 2120 636 2178 cf.
659 2120 753 2176 decre·
803 2119 975 2189 ἀναθήματα
996 2124 1024 2180 in
1046 2125 1218 2197 Amphiarai
1239 2125 1359 2194 templo.

180 2228 242 2272 tum
268 2215 414 2289 Agrigent.
434 2216 508 2289 apud
537 2215 627 2272 Smet.
651 2233 681 2289 p.
703 2223 752 2278 72.
804 2211 1382 2293 ΜελᾶνοςπρόσωπονρλκηΔΔΠΗ·Η·.

180 2311 306 2367 Torrem.
328 2329 355 2382 p.
377 2315 425 2376 79.
447 2308 559 2365 Decret.
586 2307 650 2365 Gel.
678 2309 752 2383 apud
805 2305 927 2362 Βοῖοκοο
961 2305 1126 2384 πρόσωπον,
1168 2305 1238 2374 ὅλκη
1277 2301 1380 2364 ΠΗΗ.

180 2406 307 2462 Torrem.
322 2424 349 2480 p.
362 2411 409 2462 84.
803 2401 901 2457 Φιλίαν
922 2401 1031 2471 τιτθὸς,
1052 2401 1121 2468 ὅλκη
1142 2403 1266 2464 Pii-H.

221 2498 230 2529 ¹
253 2499 297 2556 Cs.
311 2500 384 2557 infre
395 2520 422 2574 p.
437 2506 507 2558 288.
803 2495 894 2554 Moris
918 2513 958 2552 ee.
983 2507 1044 2554 erat
1070 2497 1248 2566 Graecorum,
1271 2498 1294 2553 si
1317 2499 1378 2572 quis

220 2589 231 2621 ¹
252 2592 382 2650 Βοὶσκον.
417 2590 579 2649 Dodivellus
596 2591 645 2648 dat
663 2589 751 2647 ethic
801 2589 886 2658 oculi,
907 2589 971 2659 oris,
993 2589 1081 2664 pedis,
1102 2587 1158 2647 διο.
1179 2591 1277 2646 morbo
1301 2590 1380 2646 labo·

180 2689 208 2739 et
222 2701 314 2757 supra,
329 2685 457 2754 Βοίοκον,
478 2685 527 2741 sed
545 2701 648 2740 nomen
661 2681 752 2738 'rhes-
801 2691 885 2756 reret,
900 2691 1080 2758 posteaquam
1096 2682 1214 2740 resectus
1229 2682 1276 2751 sit,
1292 2681 1377 2757 pertin

179 2775 231 2832 sali
248 2778 392 2850 cujusdem
409 2778 530 2836 Βοίσκον
543 2776 665 2836 occurrit
678 2776 750 2849 apud
802 2779 909 2835 affecte
928 2777 1080 2853 imaginem
1099 2778 1163 2836 Diis
1177 2777 1313 2838 dedicare.
