3218 5116
199 400 459 510 Inscn.Vlli.]
780 441 845 517 191

200 602 430 702 Cymatium¹
459 602 611 676 interius
637 604 829 700 imponere
849 603 1051 700 oportebat.

278 731 374 806 Haec
400 757 485 807 vero
507 757 580 806 non
604 732 739 831 polita²
765 757 834 810 nec
859 734 1008 810 striata³
1033 736 1253 831 accepimus.

276 857 500 934 ¹Parietem‘
519 861 660 936 Notum
681 873 826 936 reatum
845 887 970 938 versus
986 867 1081 940 haud
1098 867 1247 962 politum
1263 877 1397 964 praeter

198 1007 222 1035 '¹
238 1017 317 1065 eum
336 1003 475 1088 partem
496 1016 579 1090 quae
596 992 703 1064 estin
722 993 891 1088 portiau⁶
917 992 1132 1090 Cecropium
1152 1021 1287 1076 versus.

213 1209 219 1218 =
277 1119 443 1192 ”anast
471 1117 751 1212 (“Pursstatus’'
787 1119 861 1215 M.)
895 1145 967 1194 non
994 1123 1123 1217 politas
1152 1125 1200 1196 ab
1227 1125 1395 1200 exteriori

198 1259 329 1344 ⁰psrte
357 1249 392 1320 in
419 1246 559 1321 ambitu
585 1257 720 1342 preter
742 1272 804 1322 eus
829 1274 913 1348 quas
939 1252 975 1324 in
1004 1253 1142 1350 porticu
1161 1254 1396 1329 suntCecro·

200 1374 301 1472 pium
325 1399 462 1449 versus.

276 1507 449 1603 pSpiras⁷
468 1533 594 1581 omnes

201 1718 297 1774 iocum
320 1717 409 1776 docet.
449 1717 588 1802 Πρωτὼ
616 1727 709 1776 autem
737 1719 773 1775 ab
824 1722 897 1796 apud
925 1724 1031 1782 Athen.
1080 1723 1281 1784 lileclranicum
1309 1729 1397 1804 (apud

204 1813 347 1890 Hesychia
383 1811 537 1892 πρόστυον
568 1832 629 1873 esse
664 1815 773 1874 dicitur.
826 1815 931 1892 Rigalt.
945 1820 981 1876 ad
996 1818 1159 1882 Onosandr.
1173 1822 1293 1899 Strateg.
1308 1841 1337 1898 p.
1346 1819 1396 1881 46.

203 1911 271 1968 Jam
286 1921 368 1968 antea
382 1904 500 1968 dixerat.
514 1909 672 1991 l'lpoiopor.
705 1933 776 1990 srpo·
825 1917 898 1988 sqq.)
910 1916 1039 1988 ἐγίνοντο
1052 1917 1082 1976 δι’
1092 1917 1168 2001 αὐτῇ
1178 1923 1218 2002 τῇ
1226 1917 1340 2002 χελόνρ
1351 1919 1398 2002 ὄρ·

202 2007 288 2076 orris,
298 2003 461 2083 rrpriarrror.
483 2004 778 2080 ESchweighaeusero
824 2009 970 2067 θοστάται
984 2009 1069 2091 κῦκλιρ
1084 2009 1253 2093 ’περίδρομον
1264 2013 1398 2098 ἕχοῦἶσης

200 2104 238 2160 ed
261 2102 442 2176 Callixepum
463 2100 648 2158 AtheuaeiV.
671 2103 775 2172 p.205.
825 2118 879 2174 quo
901 2110 996 2158 autem
1016 2122 1109 2176 sensu,
1131 2109 1231 2167 neseio.
1273 2113 1399 2168 antea

201 2205 233 2253 et
252 2195 422 2252 Schneidero
442 2193 478 2248 ed
501 2192 615 2248 Vitruv.
626 2191 683 2247 Vl.
704 2195 734 2252 7.
751 2197 777 2246 1.
827 2193 907 2249 Festo
922 2195 1011 2254 latera
1030 2198 1163 2256 ostiorum
1179 2220 1241 2258 esse
1261 2180 1398 2262 dicium,

201 2289 275 2345 sutis
289 2282 531 2362 putetsrpoeru'la
545 2283 605 2340 sive
615 2281 780 2360 προστάσιν
827 2285 880 2341 Sed
896 2285 1004 2344 Nouius
1017 2288 1137 2364 quadras
1157 2293 1294 2350 columnas
1312 2297 1399 2353 inter·

202 2377 319 2455 aliquod
331 2395 419 2455 genus
440 2373 569 2434 vestibuli
588 2393 658 2444 esse,
672 2371 779 2431 colum·
825 2386 999 2454 protomart
1020 2380 1204 2440 Schneiderus
1222 2386 1270 2460 (sd
1283 2385 1400 2445 Vitruv.

200 2477 246 2536 nis
266 2477 295 2534 ia
312 2477 400 2535 tribus
421 2472 552 2533 lateribus
571 2473 777 2532 circumdatum
826 2473 882 2534 lll.
905 2479 989 2551 λδ.)
1007 2475 1036 2533 ia
1055 2475 1165 2549 augulis
1184 2477 1323 2552 parietum
1336 2496 1400 2538 esse

200 2576 407 2657 (περίπτερον)
417 2573 446 2632 io
459 2580 560 2647 quarto
571 2589 637 2630 vero
648 2578 775 2646 apertum
823 2571 928 2646 positas
948 2571 1023 2631 dioit.
1064 2569 1110 2632 Cf.
1132 2571 1270 2652 Stieglita.
1292 2573 1322 2632 io
1341 2575 1399 2634 Ar·

198 2681 229 2730 et
261 2679 368 2745 patene
409 2667 456 2728 Cf.
492 2667 587 2745 Heyu.
619 2667 654 2725 ad
693 2665 774 2726 iliad.
822 2670 956 2730 chasoil.
971 2689 998 2747 p.
1009 2675 1079 2730 235.
1108 2672 1180 2731 Sunt
1191 2677 1287 2729 sutem
1300 2689 1398 2734 revera

199 2749 336 2826 Tom.'V.
350 2785 379 2840 p.
388 2763 460 2824 634.
485 2754 590 2822 Nescit
610 2783 646 2820 aa
668 2763 774 2840 aliquid
822 2769 936 2844 quadrae
950 2767 1162 2845 columnaque
1174 2767 1203 2825 iu
1215 2744 1395 2830 eodem'aedi·

198 2862 273 2918 iuter
290 2879 321 2919 se
334 2862 463 2920 differant
482 2860 544 2916 duae
564 2860 682 2934 phrates
703 2859 774 2935 repis
823 2860 886 2917 licio
899 2879 932 2917 ac
946 2863 1071 2918 rotuudae
1092 2871 1269 2937 usurpantur,
1289 2879 1319 2924 et
1334 2866 1395 2944 qui.

199 2957 255 3015 τοῦ
277 2957 439 3036 Κεκροπίαν
461 2963 491 3010 et
510 2955 581 3031 πρὸς
602 2953 645 3030 τᾷ
665 2953 774 3028 Karpo-
822 2955 872 3010 bus
885 2951 961 3009 hsuil
974 2956 1048 3012 idem
1063 2956 1217 3031 capitulum
1235 2957 1397 3034 imponitur.

198 3057 263 3134 rirp.
308 3053 396 3110 “rori
423 3051 452 3109 ἐν
475 3049 514 3116 τῆ
541 3070 591 3126 πρ.
629 3045 676 3102 Cs.
699 3044 773 3102 st.
821 3045 901 3106 “Al.
915 3045 981 3104 Hirt
999 3059 1111 3106 auctore
1132 3051 1168 3107 ab
1188 3051 1262 3110 antis
1281 3053 1395 3113 distinxi

198 3167 310 3208 xxrrr.
324 3154 354 3205 4.
367 3149 412 3206 c.'’
454 3141 572 3201 mutter.
726 3175 731 3186 ·
820 3140 948 3218 quamvis
957 3143 1162 3204 contradicente
1174 3145 1311 3224 Stieglita.
1324 3153 1396 3226 (Ar.

238 3247 250 3280 ⁸
279 3239 472 3324 &poma-rar.
516 3239 588 3296 llaee
614 3255 670 3295 vox
697 3235 772 3311 apud
818 3239 1021 3315 rhaeologische
1048 3241 1292 3323 Unterhsltuugen
1318 3247 1342 3309 l.
1363 3268 1394 3326 p.

197 3325 362 3399 Vitruvium
376 3337 477 3414 legitur
491 3335 530 3393 ll.
546 3342 574 3394 8.
597 3335 645 3392 sed
662 3333 697 3390 de
714 3331 772 3391 alia
820 3335 885 3417 46.)
926 3338 983 3396 Sed
995 3349 1070 3398 certa
1084 3340 1115 3400 ti
1127 3342 1293 3403 orthoststae
1312 3364 1394 3425 mag.

195 3431 337 3507 reagitar.
354 3429 486 3506 loquitur
495 3429 571 3488 enim
580 3427 727 3486 Vitruvius
736 3428 770 3486 de
819 3453 920 3510 nopere
929 3435 1032 3494 diversi
1041 3438 1324 3505 suntaVitruvianis.
1347 3445 1394 3503 Cf.

195 3547 299 3608 genere
312 3529 434 3604 quodam
449 3535 595 3584 structurus
613 3525 686 3603 quod
700 3525 770 3582 duas
817 3547 866 3588 sos
880 3531 1069 3592 Taoxxrrr.
1087 3540 1113 3592 1.
1127 3552 1153 3592 c.
1163 3533 1192 3594 2.
1214 3553 1242 3608 g.
1252 3541 1281 3594 4.
1292 3535 1320 3594 k.
1334 3539 1393 3594 τᾶν

194 3629 301 3687 frontes
324 3647 340 3685 e
362 3644 505 3684 marmore
526 3625 621 3696 habet,
645 3623 769 3680 medium
815 3629 848 3687 ἐν
861 3627 901 3708 τῇ
914 3624 1079 3706 προστάσει
1105 3629 1393 3694 1.(1.21ι.”1111111οτ.

195 3733 293 3783 autem
307 3721 402 3780 fractis
412 3719 563 3797 separatim
574 3737 639 3776 curu
652 3717 771 3774 materia
859 3721 1010 3802 ⁷2relpar.
1022 3725 1141 3783 “Tarus
1149 3725 1273 3800 superior
1280 3724 1392 3784 basium

195 3819 332 3880 cernentis
345 3817 460 3877 lartum.
494 3817 558 3874 lias
571 3816 641 3874 duas
655 3815 768 3886 frontes,
817 3817 914 3876 eodem
928 3818 1011 3876 modo
1024 3817 1201 3876 strietusfuit
1221 3837 1255 3875 se
1268 3819 1392 3896 ipsaru-

197 3917 369 3976 Srhneirlero
389 3915 494 3992 judice,
518 3912 666 3971 Vitruvius
685 3911 769 3992 ὀρθο-
818 3912 924 3984 lamna,
939 3913 1062 3972 uthodie
1081 3915 1143 3992 quis
1158 3915 1251 3972 videre
1273 3914 1392 3990 potest!

196 4015 313 4074 esdrae
337 4009 467 4087 appellat.
509 4008 611 4082 Equo
633 4005 696 4064 loro
720 4005 770 4062 Vi·
820 4009 949 4070 wilkins.
981 4010 1020 4068 Et
1029 4009 1069 4067 its
1083 4007 1234 4066 Mulierus.
1268 4007 1390 4065 Basilius

195 4107 281 4167 truvii
305 4127 362 4167 vox
383 4106 455 4164 laiso
481 4102 629 4179 aliquando
653 4099 770 4160 vertitur
820 4103 956 4164 Patricius
986 4104 1015 4162 in
1039 4101 1243 4162 Naumachicis
1272 4121 1300 4178 p.
1322 4106 1389 4169 1³9.

196 4204 278 4280 tigna
289 4200 455 4260 arrectaria.
491 4197 607 4276 Legitur
627 4198 657 4256 ia
671 4195 769 4272 Eurip.
818 4209 922 4283 σπεῖρα
950 4199 980 4259 δὲ
1009 4199 1090 4283 rapti
1115 4201 1167 4274 μὲν
1196 4196 1390 4279 ἅρχιτέκτοσι

197 4301 261 4360 ion.
276 4303 364 4358 1184.
406 4295 473 4356 Hel.
487 4299 556 4356 554.
598 4293 685 4353 Herc.
701 4293 768 4353 Fur.
818 4297 875 4356 reis
888 4299 1038 4378 τοίχυνοῖ
1057 4299 1128 4378 πρὸς
1147 4297 1187 4378 τῇ
1204 4294 1294 4369 βάσει
1308 4299 1391 4360 ulos«.

196 4403 276 4466 9803
314 4395 361 4454 ubi
389 4395 524 4454 columnas
550 4401 674 4466 verrunt,
700 4409 769 4469 quos
818 4395 924 4454 Festus.
959 4399 978 4428 ‘¹
991 4391 1073 4468 Spira
1091 4391 1193 4451 dicitur
1209 4397 1237 4448 et
1255 4390 1330 4451 bssis
1343 4401 1393 4451 co.¹

193 4491 272 4552 locos
293 4491 452 4567 Stephanus
472 4489 675 4566 protervidisss
692 4489 770 4547 vide·
817 4488 922 4547 lnmnae
959 4489 1039 4548 unius
1072 4489 1126 4546 tori
1165 4495 1215 4544 sut
1244 4489 1392 4548 duorum.’'

195 4595 252 4651 tur.
286 4577 395 4648 Vocem
409 4607 516 4665 quoque
532 4605 674 4646 occurrere
688 4586 780 4645 video·
817 4591 837 4622 “
850 4584 992 4643 Perietum
1008 4583 1104 4660 Spiras
1119 4583 1211 4642 dicere
1224 4583 1342 4665 videtur,
1360 4591 1391 4644 ut
