3222 5104
290 410 365 472 ³80
748 423 983 472 rrrnunrx.

290 559 424 634 δαιιῑται
441 570 480 631 ad
497 566 648 636 rationem
673 566 849 636 Herodotci
866 557 1088 644 Ποτιδαιῆται
1105 559 1192 631 νιιι.Ι
1212 592 1241 632 ε.
1258 577 1330 643 129.
1355 562 1437 638 cirre·

288 668 412 733 crerier
441 653 696 757 Ποτιδαιήτῃσι,
723 688 752 732 ε.
773 669 841 730 196.
868 655 981 754 ἀνδριίς
1008 653 1237 742 Ποτιδαιήτεω
1254 669 1298 730 cf.
1322 676 1435 732 c.128.

290 764 343 829 Ad
364 764 494 829 eandem
516 784 654 827 normam
682 763 834 846 exigenda
861 775 950 826 erunt
976 762 1100 828 nomina
1127 768 1211 847 apud
1241 766 1436 849 Stephanum

290 865 330 927 de
348 864 438 928 urbb.
492 849 725 925 Ποτιδανία·
753 855 845 928 πόλις
863 859 1027 930 Αἰτωλίας
1052 853 1094 924 τδ
1113 855 1239 926 ε’θνικδν
1261 849 1438 928 Ποτιδανι·

289 953 372 1038 eir-ns
389 974 421 1023 et
444 947 673 1026 Ποσίδειον·
710 951 803 1028 πόλις
820 951 948 1042 μεταξιί
968 958 1112 1026 Κιλικίας
1132 955 1184 1022 καί
1198 957 1326 1047 Συρίοις.
1368 961 1439 1024 Ser-

167 1065 171 1078 '
291 1073 363 1130 vata
377 1071 425 1122 est
441 1057 594 1142 scriptum
611 1055 642 1119 in
657 1055 847 1134 nominibus,
873 1078 943 1140 quae
955 1059 1109 1140 vulgatam
1125 1056 1259 1121 nominis
1274 1045 1438 1122 Ποσειδαίν
1514 1143 1517 1148 Ι

292 1159 423 1224 formam
443 1168 623 1240 sequuntur.

369 1254 524 1332 Alterum,
541 1253 626 1337 quod
644 1256 841 1316 observatum
860 1252 964 1324 velim,
981 1266 1029 1316 est
1046 1254 1157 1315 vocula
1169 1249 1227 1336 γε’,
1243 1275 1306 1316 non
1323 1265 1436 1316 temere

291 1363 365 1438 post
378 1339 574 1418 Ποτειδαίας
590 1349 683 1425 illata,
704 1373 775 1416 cum
793 1350 988 1420 metricanus
1003 1352 1113 1414 abesse
1130 1363 1248 1433 posset.
1277 1349 1433 1413 Nimirum

292 1473 364 1514 curn
383 1471 416 1512 se
434 1448 593 1534 excipiant
612 1437 808 1520 Ποτειδαίας
830 1439 916 1536 ἀμφὶ
935 1444 1044 1518 πιίλας
1058 1469 1095 1510 en
1115 1460 1279 1512 monentur
1294 1450 1434 1526 lectores,

291 1571 331 1612 ne
349 1535 544 1614 Ποτειδαίας
567 1547 606 1607 nd
634 1543 740 1614 πιίλας
757 1545 914 1632 Adjectivi
934 1545 1028 1610 instar
1046 1547 1190 1612 referant.
1233 1543 1343 1628 Igitur,
1367 1568 1433 1631 quie

290 1644 336 1709 vis
353 1658 402 1709 est
417 1643 491 1710 huic
507 1645 638 1720 voculas,
667 1642 784 1707 nomini
805 1643 865 1706 vim
889 1643 973 1707 addit
995 1642 1088 1725 idque
1110 1657 1256 1728 tanquam
1283 1643 1432 1706 Substan-

287 1742 383 1806 tirum
398 1739 563 1823 separatim
583 1753 663 1806 stare
673 1743 765 1825 juxta
783 1745 893 1808 πύλας
909 1739 1034 1804 indicat.
1079 1737 1196 1812 Eadem
1215 1761 1342 1822 prorsus
1362 1741 1431 1805 rati-

290 1863 351 1906 one
368 1837 504 1902 adhibita
530 1849 577 1900 est
606 1840 690 1921 apud
710 1837 897 1908 Pausaniam
916 1837 946 1900 in
971 1836 1215 1922 Epigrammate,
1246 1859 1309 1931 qno
1329 1837 1432 1904 Tana-

288 1937 362 2022 groei
386 1948 524 2021 pateram
545 1932 702 2020 Olympiae
721 1933 854 2000 dicatam
877 1933 1096 2020 inscripserunt
1112 1933 1143 1998 in
1161 1933 1257 1998 Anth.
1277 1935 1313 2000 P.
1337 1936 1376 1998 Τ.
1393 1957 1429 2000 ιι.

317 2036 416 2102 .836.

292 2059 315 2120 p
368 2126 458 2206 Ναδς
482 2128 543 2207 μὲν
569 2129 696 2225 φιάλαν
721 2123 868 2222 χρυσίον
892 2124 974 2222 ἔχει,
1001 2127 1036 2198 ἐκ
1061 2122 1096 2197 δι’
1121 2131 1300 2222 Τανάγρος

416 2229 479 2308 τῆς
506 2222 764 2306 Λακεδαιμονίοις
789 2219 993 2321 συμμαχίδος
1018 2255 1063 2316 γε
1088 2223 1190 2296 τιθίν.

290 2331 335 2395 Γε
360 2329 428 2400 nl.
461 2343 494 2394 ut
521 2330 665 2396 efferatur
693 2329 780 2398 notio
813 2330 886 2410 τῆς
911 2317 1172 2417 συμμαχίδος,
1207 2329 1295 2406 illius
1322 2351 1429 2413 nempe.

288 2449 355 2515 quer
372 2428 452 2494 socia
461 2427 535 2517 suit
566 2427 824 2506 Lacedaemoniis,
846 2442 877 2492 et
904 2451 943 2492 ne
968 2423 1132 2516 σνμμαχίς
1156 2440 1301 2512 tanquam
1331 2429 1430 2513 adjec-

292 2526 388 2593 tivum
408 2550 481 2591 cum
497 2518 670 2617 Tarii-ppos
689 2539 789 2590 cocat.

364 2624 405 2686 V·
419 2633 449 2693 7·
476 2629 1223 2694 ΕΧΘΡΟΝΔΟΙΜΕΝΕΧΟΣΙΤΑΦΟΜΕΡΟΣ,
1238 2629 1298 2688 HO

292 2719 453 2784 Sententia
469 2721 588 2805 integra
606 2735 673 2788 est:
707 2722 857 2786 Hostium
877 2720 935 2784 nlr'r'
963 2722 1087 2807 quidem
1110 2723 1197 2786 nacti
1217 2733 1289 2786 sunt
1306 2720 1432 2806 sepulcri

289 2819 433 2886 honores.
488 2819 618 2884 Scilicet
634 2820 841 2886 Athenienses
859 2817 987 2882 victoria
1005 2834 1092 2902 parta
1116 2812 1193 2886 τοδς
1214 2813 1341 2906 νεκροδς
1355 2812 1430 2882 εἶτα·

290 2904 447 2985 στόνδονς
463 2905 631 2985 ἀπέδοσαν
646 2918 718 2988 τοῖς
737 2906 992 2984 Πυτειδαιιίταις
1006 2915 1149 3000 Thucyd.
1165 2939 1190 2980 ν.
1208 2917 1261 2981 63.
1294 2917 1428 2980 Eandem

287 3039 352 3080 rem
367 3015 482 3080 iudicat
498 3015 736 3084 circumlocutio
754 3015 868 3107 τάφον
882 3009 993 3104 μέρος,
1009 3038 1124 3100 nempe
1138 3014 1322 3100 permissum
1337 3017 1430 3088 fuerat

178 3111 182 3123 ⁴
292 3118 333 3180 ab
355 3113 601 3180 Atheniensibus
618 3117 722 3182 hostes

368 3208 476 3329 Ta‘plp
500 3237 540 3276 τε
565 3210 703 3302 κρύψαι,
727 3210 780 3278 καί
805 3207 853 3278 ‘rii
876 3205 975 3276 πάντ’
996 3211 1185 3302 ε’φαγνίσαι

416 3335 438 3373 α
463 3309 535 3376 τοῖς
561 3304 712 3399 α’ρίστοις
737 3301 875 3400 ίρχεται
900 3310 991 3379 κιίτω
1017 3310 1147 3401 νεκροῖς,

292 3419 328 3472 ut
343 3406 374 3471 in
393 3431 425 3474 re
444 3407 533 3478 simili
551 3409 594 3479 ait
614 3411 790 3495 Sophocles
811 3409 977 3492 Antigona
995 3435 1026 3471 v.
1045 3413 1119 3482 296.
1138 3431 1274 3494 quocum
1294 3409 1432 3473 conferas

296 3503 412 3592 Eurip.
434 3505 571 3593 Supplic.
590 3515 665 3580 319.
693 3506 806 3572 Herm.
822 3507 926 3584 (309.)

369 3597 476 3690 Κᾴμοί
497 3605 667 3695 παραινεῖν
683 3599 720 3669 ori
735 3599 849 3698 φόβον
864 3601 971 3692 φέρει,
998 3603 1119 3683 τέκνον,

369 3691 486 3790 ἄνδρας
501 3698 628 3785 βιαίους
648 3699 700 3768 καί
716 3703 958 3824 κατείργοντας
975 3696 1104 3792 νεκροιίς

370 3791 508 3891 Τάφον
532 3827 581 3866 τε
601 3801 744 3891 μοίρας
765 3827 818 3865 και
834 3795 1066 3895 κτερισμάτων
1079 3800 1199 3891 λαχεῖν

296 3910 328 3962 et
345 3921 437 3983 quern
455 3900 623 3964 Viscontus
639 3903 755 3975 laudat,
780 3899 920 3987 AEselryl.
940 3899 1125 3985 Agamemn.
1143 3923 1173 3964 v.
1190 3908 1265 3964 urs.
1284 3897 1337 3962 ubi
1359 3893 1435 3962 Tu-

294 3995 419 4076 thybius
434 3996 531 4063 Troia
543 4021 683 4064 reversus
699 3997 760 4062 ait:

372 4087 423 4158 Ori
439 4093 513 4183 ‘yn'p
529 4089 607 4160 ποτ’
626 4087 748 4185 ηίίχονν
764 4083 835 4190 τῇδ’
854 4089 888 4159 ἐν
903 4087 1043 4183 Ἀργείᾳ
1060 4093 1156 4160 πόλει

424 4188 536 4258 Θαναίν
550 4189 701 4278 μεθέξειν
716 4190 890 4284 φιλτάτου
905 4192 1022 4284 τάφον
1038 4191 1147 4280 μέρος.

298 4286 372 4355 Jam
391 4315 560 4378 praegresso
585 4285 738 4382 Ἐχθριὸν
762 4280 787 4354 δ
805 4287 841 4354 oi
863 4285 932 4367 μὲν
957 4282 1074 4380 ἔχουσι
1091 4287 1205 4382 τάφον
1227 4287 1331 4379 μέρος,
1353 4301 1436 4374 patet

299 4385 402 4451 literas
420 4395 490 4465 ΗΟ,
519 4412 647 4475 quarum
672 4389 825 4474 posterior
839 4387 966 4453 dimidia
982 4403 1103 4456 tentum
1120 4403 1207 4474 parte
1231 4387 1262 4453 in
1287 4409 1435 4453 marmore

298 4499 450 4568 superest,
467 4491 595 4552 alterurn
614 4487 771 4553 sententie
789 4489 973 4561 membrum,
997 4487 1092 4572 priori
1105 4484 1288 4572 oppositum
1300 4486 1435 4572 incipere
