3218 5116
780 375 850 450 170
995 399 1000 406 -
1189 361 1340 444 [cinos.
1363 357 1428 422 ιιι.

240 544 421 645 prodiret!
448 543 555 635 Quod
581 541 727 639 Olymp.
752 561 945 614 cxxxrur.
972 529 1191 610 aedificatum
1214 534 1432 631 antiquitate
1535 549 1541 557 '

242 693 360 754 tamen
391 680 496 752 cedet
525 677 610 747 iano
645 675 779 772 exiguo
817 671 1045 744 Athenarum
1074 669 1125 742 ad
1150 667 1310 773 Marum,
1336 668 1432 761 quod

243 811 290 882 ob
320 807 579 904 simplicitatem
608 815 644 876 et
671 802 912 899 imperfectam
945 798 1048 894 quasi
1082 797 1234 869 formam
1270 807 1434 890 tempore

246 937 410 1011 Periclen
436 933 534 1029 pn'us
552 931 688 1004 censeri
716 928 887 1000 debet¹.'¹

322 1068 344 1101 “
358 1060 489 1134 Ordior
522 1084 544 1131 a
576 1056 766 1140 columnus,
805 1054 1058 1126 architecturae
1098 1051 1194 1146 apud
1226 1059 1366 1122 veteres
1400 1057 1436 1120 et

247 1183 424 1282 principio
456 1193 494 1256 et
525 1183 773 1254 fundamento.
817 1177 952 1250 Earum
988 1199 1072 1272 quae
1103 1175 1138 1246 in
1169 1173 1326 1269 prostylo
1354 1178 1439 1246 sunt

249 1341 293 1390 ea
315 1328 375 1392 est*
393 1316 588 1414 proportio,
614 1323 656 1384 ut
679 1312 828 1386 altitudo
856 1309 971 1404 spirae'
985 1319 1095 1401 atque
1112 1307 1209 1400 scapi
1232 1317 1271 1378 et
1292 1305 1437 1399 capituli

250 1456 443 1528 diametros
470 1453 570 1548 scapi
593 1448 774 1524 inferioris
797 1469 922 1518 novem
944 1444 1146 1540 exaequet².
1198 1443 1335 1514 Contra
1357 1464 1440 1537 quar

252 1591 461 1664 Pandroseo
494 1587 668 1682 appositae
701 1593 797 1669 sunt,
824 1592 961 1654 tantum
992 1581 1184 1652 diametros
1219 1577 1329 1651 v111.
1358 1600 1440 1648 cum

251 1714 386 1786 mance
422 1713 523 1806 (ΒΗ)
559 1710 641 1784 altae
676 1708 794 1782 sunt³.
876 1704 986 1782 Vides
1019 1707 1221 1780 dimidiatas
1257 1707 1441 1780 columnas

252 1836 380 1933 parieti
405 1837 505 1909 tenui
532 1834 713 1932 appositas
742 1835 936 1908 crassiores
964 1836 1076 1909 lactas
1103 1857 1193 1921 esse,
1220 1857 1328 1932 quam
1359 1853 1442 1930 quas

254 1969 378 2048 solidae
415 1972 581 2070 epistylio
622 1972 927 2070 supponebantur.
998 1968 1203 2044 Delubrum
1243 1977 1364 2043 autern
1398 1969 1441 2040 ad

256 2099 397 2173 llissum
429 2100 612 2174 columnas
642 2101 752 2174 habet
776 2098 893 2172 minus
918 2099 1095 2197 graciles:
1124 2100 1208 2172 altas
1237 2101 1333 2172 enim
1360 2109 1442 2172 suut

256 2230 449 2306 diametros
476 2229 581 2303 Vlll.
607 2252 690 2304 cum
714 2229 917 2327 quadrante
944 2229 1089 2323 (8÷)⁴.”
1202 2281 1207 2289 -

331 2367 357 2399 “
373 2357 617 2434 Contracturo
644 2359 747 2450 scapi
771 2358 988 2455 plerumque
1014 2362 1061 2433 ad
1079 2359 1310 2433 Vitruvianas
1335 2383 1443 2456 regu·

256 2490 308 2561 las
340 2491 502 2582 quadrat.
547 2487 645 2557 Nam
678 2486 713 2556 in
745 2485 945 2596 Didymaeo
963 2509 1046 2582 pars
1073 2486 1249 2562 diametro
1272 2483 1445 2583 superiori

255 2621 397 2697 ocurra,
432 2611 468 2682 in
504 2611 582 2684 aede
612 2611 779 2684 Prienaea
814 2629 925 2702 sexta,
958 2616 995 2687 in
1028 2616 1233 2691 Erechtheo
1268 2627 1382 2702 sexta,
1408 2615 1443 2686 in

258 2743 391 2817 sacello
427 2747 474 2817 od
507 2745 646 2820 Ilissum
682 2747 833 2844 septima
862 2749 939 2822 fere
968 2753 1128 2825 detracta
1153 2753 1244 2825 estl:
1273 2775 1341 2847 pro
1371 2751 1445 2824 lon·

257 2873 422 2970 gitudine
456 2875 703 2948 columnarum
736 2885 773 2948 et
808 2876 924 2972 spatio
954 2878 1322 2972 intercolumniorum.
1375 2880 1445 2952 Sed

258 3000 294 3073 ilr
326 3001 405 3074 sede
439 3001 535 3076 'l'eia
567 3001 677 3077 miror
707 3004 766 3076 vix
786 2991 1004 3102 'vigesimam
1046 3014 1184 3098 partem
1221 3003 1447 3076 crassitudini

258 3133 436 3228 superiori
462 3135 657 3206 detractam
685 3135 824 3206 esse⁶.''

251 3295 254 3300 ·
333 3259 482 3350 “Spina
507 3270 583 3332 tum
601 3258 779 3332 columnis
792 3271 873 3360 ⁸turn
900 3262 994 3334 antis
1012 3272 1121 3357 atque
1144 3261 1272 3356 parieti
1291 3260 1446 3332 circum·

259 3412 406 3486 queque
435 3391 586 3488 adjecta
616 3401 701 3464 sunt
734 3391 956 3490 Atticurges.
1010 3392 1157 3465 Habent
1185 3393 1298 3490 igitur
1329 3402 1444 3464 torum

258 3517 440 3616 duplicem
457 3517 753 3618 interjectamque
770 3543 854 3592 cum
872 3520 1018 3616 quadris
1036 3520 1108 3612 suis
1126 3519 1286 3594 scotiam.
1324 3517 1448 3591 Torum

260 3646 425 3738 superior
436 3645 492 3716 vel
506 3645 650 3716 striatus
660 3645 717 3719 vel
728 3647 773 3716 sd
787 3645 899 3717 instar
909 3645 1080 3719 viminum
1096 3644 1272 3717 flexorom
1287 3655 1447 3736 ornatus,

259 3770 411 3842 inferior
447 3771 660 3865 plerumque
694 3794 817 3867 purus.
889 3769 1101 3866 supercilia,
1141 3770 1164 3842 i.
1199 3794 1232 3842 e.
1269 3771 1449 3868 margines

250 3889 381 3974 'scotiae
407 3898 642 3992 reductiores,
669 3902 732 3996 qui
759 3903 887 3976 umbra
914 3902 1037 3976 addila
1058 3899 1128 3973 tori
1158 3898 1449 3974 rotundationem

303 4127 431 4202 ¹Autiq.
445 4127 595 4186 oiAtlreus
608 4127 644 4184 T.
660 4127 684 4186 l.
697 4147 723 4188 c.
739 4135 770 4187 2.
917 4130 1284 4197 *14“.8“.29.-1“.9“.4.

302 4220 317 4249 ²
338 4221 463 4282 Almo&
476 4220 826 4286 10⁸¹.6l‚crass.2*.³**.8.
918 4229 929 4259 ³
951 4225 1049 4282 Diam.
1070 4227 1105 4281 ad
1129 4229 1233 4304 spiram
1252 4219 1447 4280 columnarum

260 4315 325 4388 ped.
341 4313 430 4386 Augl.
878 4318 908 4374 in
917 4317 1041 4392 prostylo
1049 4317 1085 4376 22
1091 4319 1133 4378 3⁹.
1142 4326 1171 4381 8.
1178 4315 1302 4395 superior
1312 4317 1346 4376 Γ.
1359 4315 1452 4382 illd.

303 4405 317 4439 ⁸
338 4405 684 4469 mnenon-storum.
921 4409 933 4441 ⁶
953 4409 987 4468 a&
997 4406 1156 4472 rto-3⁸.
1169 4414 1211 4471 1³⁸.
1220 4419 1249 4472 s.
