3158 5104
173 413 309 480 Iason.
337 409 456 494 XIIL]
758 423 804 486 85

355 583 573 670 ΜΑΡΚΟΝ,
603 587 872 702 murtro&
895 590 997 659 ΠΑΝ

351 705 570 791 ΔΟΥΣΑΝ,
598 709 800 792 ΑΠΟΛΙΣ,
827 711 1001 779 ΤΩΝΓΥ

351 825 564 910 ΘΕΑΤΑΝ,
599 827 849 913 ΒΙΑΔΙΝΟΥ,
881 829 1134 902 ΠΟΛΕΙΤΑΝ

351 947 513 1031 Amos,
535 949 719 1034 assos,
747 923 839 1035 κΑι,
863 951 1001 1021 raros
1030 954 1319 1028 everteras.

166 1089 193 1122 “
205 1083 299 1159 Hoc
322 1087 449 1182 paucis
467 1087 551 1168 licat
571 1090 677 1164 lineis
693 1092 911 1184 ahsolutum,
937 1094 1062 1169 omnia
1077 1105 1198 1170 tamen
1218 1100 1381 1174 continet

167 1225 300 1315 “quae
342 1215 498 1317 publicis
538 1225 693 1302 decretis
735 1223 884 1320 propria
927 1249 973 1302 ex
1015 1225 1095 1300 aliis
1136 1232 1380 1320 monumentis

167 1351 389 1426 “scimus''
671 1427 673 1430 ,

248 1489 277 1520 “
291 1481 469 1567 Solebam
489 1494 667 1581 praeterea
685 1487 820 1583 publici
842 1489 992 1585 hospitis
1009 1491 1098 1589 jura
1122 1515 1195 1566 non
1212 1493 1249 1566 in
1274 1495 1381 1572 onius

169 1621 382 1710 “personas
417 1618 482 1692 sed
514 1617 553 1718 ia
587 1629 812 1716 posterorum
855 1619 1005 1718 hospitis
1040 1644 1188 1720 quoque
1220 1623 1379 1708 favorem

171 1745 366 1822 “decerni
400 1758 441 1822 ut
473 1747 512 1822 in
548 1773 725 1822 marmore
752 1748 937 1822 Melitensi
971 1752 1017 1824 de
1045 1751 1235 1830 Demetrio
1272 1755 1381 1855 Syra-

169 1877 374 1954 “cusano¹
394 1891 432 1955 et
454 1883 492 1956 iu
515 1881 671 1957 decretis
697 1882 900 1980 Corcyraeis
923 1884 968 1958 de
993 1883 1125 1960 Boisco
1150 1884 1346 1963 Dodonaeo
1355 1893 1379 1974 ²,

171 2017 250 2082 “et
285 2011 443 2109 Lycisco
473 2011 689 2100 Prienensi;
724 2023 763 2086 at
795 2022 916 2088 nostra
944 2014 1079 2088 lamina
1107 2039 1220 2089 unum
1248 2017 1381 2092 solum·

171 2147 323 2220 “modo
357 2147 532 2232 nominat,
576 2145 619 2219 iis
649 2157 829 2222 ornatum.
895 2148 944 2219 At
979 2170 1061 2220 cum
1097 2121 1291 2220 nonnulla'
1309 2149 1380 2222 alia

171 2279 475 2352 “monumenta‘’
509 2301 656 2376 quoque
692 2279 741 2351 ita
774 2301 814 2350 se
849 2278 995 2365 habent,
1030 2279 1131 2375 parvi
1164 2281 1235 2354 hoc
1265 2305 1378 2379 argm—
1470 2261 1473 2271 ¹

175 2414 376 2488 “mentum
405 2412 481 2508 ipse
507 2409 640 2486 facio.''

252 2550 279 2584 “
296 2540 453 2641 Majoris
482 2550 603 2616 autem
627 2543 796 2616 momenti
824 2541 968 2616 videtur
992 2542 1138 2618 omissio
1160 2544 1260 2618 urbis
1288 2543 1380 2640 ξενο-

175 2679 199 2712 “
217 2671 344 2774 δοχου;
371 2700 450 2750 eam
475 2677 570 2748 enim
599 2697 681 2749 cum
701 2699 755 2750 vv.
781 2675 997 2750 doctissimis
1024 2676 1141 2752 [anzi
1167 2689 1204 2753 et
1221 2679 1379 2780 Fabricy

176 2812 204 2842 “
223 2808 262 2882 in
283 2814 406 2885 Σαοπς
422 2806 598 2881 vooabuto
624 2829 799 2903 quaerere,
818 2805 878 2883 vix
902 2831 946 2883 oc
964 2831 1012 2880 ne
1036 2807 1097 2882 vix
1116 2808 1262 2905 quidem
1281 2835 1306 2884 a
1321 2833 1379 2884 me

176 2942 419 3040 “impetrare
451 2965 610 3040 possum.
662 2941 777 3015 Hisce
811 2941 1011 3016 rationibus
1045 2952 1258 3026 commotus,
1293 2942 1380 3040 quio

176 3080 355 3170 “nempe
390 3085 512 3150 nostra
547 3073 680 3148 lamina
713 3096 783 3148 nec
822 3059 974 3149 somnam
1005 3073 1187 3170 publicam
1232 3071 1377 3164 habere,

176 3207 201 3243 “
219 3227 292 3280 nec
320 3205 447 3280 urbem
474 3201 648 3304 ξενοδοχον
677 3202 839 3278 iudicare
865 3203 1019 3290 videtur,
1055 3225 1134 3276 eam
1162 3203 1281 3300 potius
1298 3204 1379 3310 pri-

175 3343 199 3374 “
215 3347 313 3412 vatae
340 3361 450 3436 quam
478 3337 634 3434 publicas
661 3334 912 3435 hospitalitatis
945 3336 1103 3413 tabulam
1136 3334 1248 3411 fuisse
1283 3334 1379 3410 exis·

175 3474 198 3505 “
215 3467 364 3544 timo⁴.”
417 3469 534 3544 Recte
559 3467 721 3555 omnino,
749 3467 847 3564 quod
881 3466 1048 3540 laminam
1083 3478 1245 3542 nostram
1280 3467 1377 3540 haud

173 3599 331 3693 poblieae
353 3596 605 3695 hospitalitatis
622 3607 794 3670 tesseram
823 3620 904 3671 esse
925 3595 1157 3683 existimarit;
1188 3597 1284 3694 quod
1303 3595 1378 3692 pri-

174 3733 267 3798 vstae
285 3725 464 3808 statuerit,
484 3724 581 3797 haud
607 3723 707 3810 item,
727 3735 766 3796 ut
783 3747 854 3822 ego
878 3729 979 3820 puto.
1031 3721 1190 3797 Privatae
1207 3722 1377 3797 amicitiae

174 3865 286 3930 testes
314 3857 546 3954 magistratus
571 3855 758 3946 adhibere,
778 3855 845 3940 vel,
869 3865 910 3928 ut
935 3854 1231 3944 Siebenkeesius,
1258 3857 1377 3930 “hos-

213 4071 224 4106 ¹
245 4069 292 4130 Cf.
313 4069 496 4130 Torremuaa.
524 4070 613 4131 Inscr.
640 4068 697 4128 Sic.
722 4087 751 4144 p.
842 4067 854 4100 ²
874 4064 922 4126 Cf.
935 4064 1009 4124 intra
1022 4063 1114 4126 Closs.
1125 4063 1163 4123 V.
1178 4063 1234 4122 No.
1244 4071 1273 4124 2.
1294 4063 1377 4122 Mus-

175 4169 225 4232 79.
240 4164 351 4227 Marm.
363 4163 432 4226 Del.
445 4165 518 4223 iuter
531 4165 639 4222 Marm.
652 4163 751 4222 Oxos.
801 4161 889 4224 toxidi
902 4161 994 4224 illust.
1008 4160 1146 4222 Corcires.
1168 4180 1197 4236 p.
1210 4165 1277 4222 1¹88.
1297 4160 1377 4220 Dod-

174 4261 229 4320 Ed.
259 4261 336 4320 Prid.
366 4259 426 4321 No.
450 4260 504 4322 111.
529 4261 695 4323 Thomarim
716 4261 749 4318 de
800 4259 874 4320 well.
887 4259 953 4326 ltin,
966 4259 1003 4318 ΙΙ.
1019 4277 1046 4335 p.
1056 4265 1126 4319 ⁵04.
1149 4257 1295 4318 Bremsao.
1310 4258 1375 4320 itio.

174 4355 299 4416 Tenetis
332 4355 475 4434 Hospitsl.
508 4357 583 4433 apud
620 4357 747 4415 Gronov.
801 4357 824 4418 1.
845 4360 955 4432 pars.

174 4449 259 4514 mo.
295 4457 367 4516 Ant.
400 4453 497 4512 Grec.
529 4455 615 4513 Tom.
636 4453 693 4512 lx.
720 4471 749 4528 p.
837 4451 1000 4510 ³Torram.
1014 4449 1102 4510 laser.
1117 4447 1173 4508 Sic.
1196 4451 1284 4524 pao.

177 4555 244 4616 198.
840 4549 854 4582 ⁴
874 4545 1051 4604 siebenkees.
1076 4565 1123 4620 pp.
1136 4545 1165 4614 5,
1178 4537 1208 4613 6,
1221 4548 1251 4607 7.
