3158 5104
783 375 853 443 102
1190 377 1335 463 [Cnnss.
1359 377 1408 442 Ha

286 561 323 644 7,
359 563 395 644 8,
426 569 460 644 9.
496 551 574 628 Hos
617 577 744 628 omnes
784 552 1008 627 Orchomeni
1053 552 1186 649 reperit
1232 552 1408 626 Leokius.

211 682 312 760 Idem
331 688 385 760 vir
410 687 536 760 doctus
565 685 728 785 singulos
754 683 910 760 Graeoiae
937 683 1107 782 regiones
1126 683 1195 758 sibi
1223 684 1407 781 proprium

211 816 392 913 quendem
429 840 563 891 morem
607 816 854 912 sepulcrorum
889 813 1203 888 inscribendorum
1238 814 1408 888 habuisse

212 929 475 1022 animadvertit.
527 949 571 1022 ln
599 947 741 1021 Boeotio
769 948 848 1021 fere
876 969 1019 1042 semper
1051 948 1108 1040 (ut
1136 945 1173 1018 in
1200 946 1306 1018 inser.
1341 955 1407 1033 1¹2,

215 1087 263 1150 8⁸.
293 1085 330 1148 et
357 1078 425 1169 9·.)
463 1102 595 1152 nomon
635 1077 755 1151 dativo
791 1100 877 1150 cesu
910 1087 994 1172 post
1025 1077 1317 1173 prrepositionem
1352 1111 1410 1151 err

212 1209 367 1304 ponitur.

295 1354 350 1411 ιο.
365 1339 532 1414 Marmor
551 1344 588 1433 (a
609 1333 746 1414 Leakio
773 1337 934 1412 Thisbes
961 1341 1160 1436 repertum)
1180 1341 1303 1414 forsan
1331 1364 1407 1414 mu-

215 1478 315 1551 tilum
334 1486 390 1550 est
405 1499 427 1547 a
444 1476 589 1549 sinistro
603 1475 729 1549 latere.
781 1472 881 1547 Tum
896 1474 1093 1572 legendum
1110 1485 1199 1571 puto
1259 1491 1263 1496 ·

567 1673 618 1692 ...
631 1655 678 1719 up
702 1622 853 1706 α’νεθηκεν
876 1620 998 1712 Ἀθηνᾳ.

288 1763 447 1838 [nutrius
464 1775 584 1837 autem
602 1765 707 1838 aliter
722 1765 812 1864 legit

611 1895 698 1972 Ἱδαν
722 1901 834 1987 έθηκεν
857 1896 990 1991 Ἀθηνᾳ.

287 2031 458 2114 Profecto
491 2031 594 2104 litero
628 2033 786 2106 secunda
820 2041 883 2104 aut
928 2045 961 2114 o
995 2043 1059 2103 out
1095 2038 1122 2107 Α
1159 2055 1238 2106 esse
1272 2043 1402 2130 potest.

214 2165 373 2239 Verbum
423 2175 545 2237 eutem
599 2141 834 2262 compositum
893 2166 927 2236 in
985 2165 1188 2263 hujusmodi
1245 2165 1405 2240 formulis

213 2293 410 2384 solemius,
435 2293 597 2393 quamvis
624 2294 787 2390 exemplu
813 2295 982 2392 simplicis
1010 2269 1136 2368 eodem
1163 2318 1268 2368 sensu
1298 2298 1405 2393 positi

213 2425 310 2498 haud
335 2423 464 2496 desint.

294 2567 351 2625 11.
379 2551 490 2627 Hono
526 2577 652 2626 rocem
689 2565 755 2648 (sc.
788 2564 933 2642 mor
969 2556 994 2629 i.
1029 2580 1062 2630 e.
1097 2560 1202 2652 imp)
1232 2581 1254 2629 e
1287 2556 1406 2654 lapide

215 2687 310 2757 inter
332 2681 455 2755 ruinas
476 2685 650 2756 Acmrum
674 2707 696 2754 a
716 2683 861 2757 Borone
887 2685 1024 2758 tunica
1051 2700 1196 2782 reperto
1219 2687 1407 2784 exscripsit

214 2815 263 2889 T.
292 2813 431 2909 'I'borp
485 2813 772 2887 vetustissimum
802 2839 880 2890 esse
906 2819 1062 2914 lapidem
1095 2828 1272 2894 testantur
1299 2822 1406 2892 trium

213 2945 372 3044 priorum
398 2945 582 3028 literarum
609 2947 744 3023 formae.
