3174 5094
611 402 947 462 rnouuconcus.
1177 469 1180 476 Ι
1340 371 1362 442 ti

159 556 249 630 Haec
281 553 468 640 Maffeius,
502 577 623 650 quem,
648 555 677 626 si
713 564 813 626 recte
838 553 909 642 loci
935 577 1079 627 sensum
1109 551 1255 650 colligo,
1291 552 1359 622 boc

159 687 250 760 velie
285 697 391 782 puto,
431 684 544 758 nullos
585 710 636 758 sc.
670 710 691 758 e
735 683 1005 758 vetustioribus
1045 683 1186 758 Graecis
1226 693 1361 780 prester

160 815 315 900 Atticos,
344 813 546 886 numerales
586 827 688 890 notus
717 815 921 912 usurpbsse.
975 818 1083 908 Quod
1108 828 1227 889 tamen
1265 817 1361 888 baud

162 944 236 1016 veri
263 943 378 1016 simile
402 956 490 1040 puto
504 975 513 1030 ;
541 945 578 1016 id
604 946 700 1016 enim
725 947 820 1042 quod
840 946 950 1019 Attici
977 947 1107 1018 vetusti
1125 945 1235 1042 vulgo
1261 968 1363 1018 usur·

162 1073 307 1167 psbsnt,
342 1073 469 1166 quidni
504 1073 563 1146 ulii
594 1072 717 1148 Graeci
754 1085 982 1170 usurparent.
1042 1075 1129 1150 Jom
1164 1084 1282 1145 eutem
1317 1073 1363 1144 de

164 1203 292 1276 Atticis
343 1227 399 1276 res
442 1205 527 1276 satis
568 1215 678 1298 putet,
721 1228 802 1276 cum
843 1201 1098 1277 Herodianus¹
1138 1203 1175 1272 in
1221 1199 1364 1272 Solonis
1466 1238 1468 1244 ,
1539 1181 1544 1189 ’

162 1334 306 1431 iegibus
338 1335 487 1407 mulctas
516 1333 723 1432 hujusmodi
758 1335 851 1406 notis
890 1334 1111 1432 significatus
1145 1356 1223 1405 esse
1253 1343 1364 1428 atque

163 1467 307 1536 easdem
332 1463 369 1534 in
398 1463 516 1536 multis
533 1464 710 1562 columnis
726 1473 836 1560 atque
856 1465 1155 1560 inscriptionibus
1176 1461 1365 1536 sevidisse

163 1608 328 1682 testetur,
355 1606 392 1669 et
417 1596 453 1667 in
474 1599 710 1670 marmoribus
738 1598 846 1672 bodie
874 1598 1078 1670 extantibus
1099 1598 1216 1693 quivis
1241 1595 1364 1668 videre

164 1729 285 1823 possit.
341 1729 433 1800 Cum
465 1729 520 1800 bae
550 1728 694 1824 quidem
726 1729 932 1802 numerales
961 1739 1058 1802 notae
1085 1729 1217 1824 saepius
1244 1727 1279 1800 in
1311 1728 1364 1798 in·

164 1859 421 1956 scriptionibus
445 1841 489 1930 ¹u
533 1883 590 1930 me
621 1857 726 1932 editis
766 1870 970 1946 occurrunt,
1012 1858 1208 1933 Lectorum
1247 1855 1365 1954 grstia

166 1991 305 2064 tabulas
332 1992 503 2087 quosdam
530 1990 625 2062 houd
651 1989 797 2062 inutiles
824 1989 964 2062 futurus
990 2013 1181 2084 opponam.

166 2253 285 2327 Norm
304 2251 545 2326 Numssucss
564 2251 789 2324 Gnmconuu
802 2249 826 2320 ².
928 2251 1049 2324 Norm
1069 2251 1328 2322 Pscuursrurs.

845 2419 974 2490 in...
1004 2418 1267 2490 ......Stater⁴.
1344 2475 1345 2478 η

836 2553 885 2618 Τ.
976 2598 1098 2622 ......
1114 2553 1307 2619 .Talentum.

839 2673 917 2757 Εὖ,
933 2732 941 2750 .
959 2733 985 2752 ..
1002 2733 1029 2752 ..
1047 2735 1054 2752 .
1072 2733 1098 2753 ..
1114 2689 1162 2754 Ν
1179 2689 1322 2754 Talents.

837 2805 915 2886 4..
938 2863 1012 2884 ....
1028 2863 1100 2886 ....
1119 2822 1172 2886 .X
1190 2821 1337 2891 Tsieuta.

770 3030 773 3038 ,
840 2937 883 3016 ΡΡ
891 2991 1124 3016 ...........
1137 2950 1166 3014 L
1181 2951 1328 3020 Teleste.

842 3081 882 3156 Η
891 3122 1119 3148 ...........
1135 3079 1163 3144 C
1181 3080 1327 3148 Talentis.

211 3281 397 3340 'Herodian
420 3264 495 3354 apud
524 3277 660 3352 Stephon.
680 3281 742 3353 Ap·
791 3283 896 3342 dixisse
930 3285 1047 3344 Graecos
1080 3287 1173 3349 docet.
1228 3289 1367 3365 Tsylorus

174 3379 252 3452 peod.
263 3379 350 3435 Thes.
366 3377 449 3450 Ling.
465 3376 518 3432 Gr.
534 3395 562 3449 p.
577 3380 646 3434 204.
794 3399 892 3438 vocem
925 3383 960 3438 'lc
995 3383 1026 3456 (i.
1048 3403 1074 3440 e.
1104 3390 1188 3462 unus)
1218 3396 1368 3445 memoret.

211 3475 305 3532 'Has
335 3485 414 3532 notos
442 3481 571 3531 accurate
598 3473 744 3547 descripsit
796 3480 858 3536 Nec
892 3478 974 3536 aliter
1013 3480 1147 3539 Seldenus
1184 3485 1219 3540 ad
1257 3484 1366 3542 Marm.

176 3571 349 3629 Herodianus
360 3572 407 3627 ubi
424 3589 517 3644 supra,
536 3583 564 3626 et
576 3569 744 3637 Priscianus,
796 3573 904 3632 Arund.
925 3593 953 3648 p.
971 3581 1038 3632 103.
1059 3574 1104 3633 ed.
1118 3576 1214 3632 Maitt.
1254 3577 1307 3632 Sed
1328 3578 1367 3646 in,

175 3687 200 3742 p.
213 3672 301 3727 1345.
324 3667 534 3730 Grammaticos
549 3666 664 3726 Ictinos
678 3683 745 3742 quo-
794 3676 867 3726 teste
891 3669 1048 3742 Stephano,
1076 3669 1112 3727 ab
1142 3671 1182 3728 ior
1213 3669 1368 3728 deducitur.

175 3783 225 3839 que
248 3762 398 3820 advocavit
417 3761 558 3838 Taylorus
580 3763 615 3818 ad
636 3763 744 3822 Marm.
795 3763 841 3821 Cs.
862 3765 956 3822 Fiscb.
972 3765 1008 3821 ad
1030 3763 1113 3823 Well.
1130 3783 1170 3824 11.
1192 3765 1284 3840 p.67.
1302 3773 1368 3829 155.

178 3857 280 3913 Sends.
297 3875 323 3929 p.
340 3861 389 3912 23.
431 3845 435 3853 “
796 3857 882 3915 Voss.
897 3857 931 3912 sd
948 3858 1076 3933 Hesycb.
1095 3860 1123 3914 in
1138 3878 1216 3918 voce.
1259 3859 1368 3922 Buttm.

209 3957 222 3992 ³
243 3951 339 4013 Graeci
352 3969 493 4018 numeros,
506 3957 538 4006 ut
550 3957 638 4023 putet,
653 3949 748 4026 prima
797 3947 913 4011 Griecb.
929 3951 1058 4026 Sprscbl.
1072 3971 1099 4027 p.
1114 3951 1163 4020 96.
1178 3957 1248 4013 281.

174 4066 281 4122 semper
302 4047 425 4104 nominis
448 4045 539 4118 litera,
569 4065 623 4123 quo
643 4045 750 4122 signifi·
837 4049 848 4080 ⁴
869 4045 1370 4109 Cf.Hessel.inPraes.Gud.1uscr.

175 4159 281 4220 cantur,
310 4146 455 4204 notabant.
490 4144 536 4203 Cf.
566 4143 632 4202 Vel.
660 4144 749 4218 Long.
799 4163 826 4219 p.
844 4161 892 4202 xr.
916 4143 1305 4220 flockh.T0m.11.p.1sr.

174 4241 208 4298 de
228 4243 352 4318 Qrtbog.
367 4261 395 4318 p.
405 4246 497 4306 2217.
520 4248 548 4298 et
564 4239 701 4298 Priscian.
720 4257 748 4312 p.
838 4240 849 4271 ⁶
870 4239 914 4296 Cf.
942 4237 1068 4296 tabulam
1095 4242 1169 4316 opud
1198 4239 1368 4299 Bmhelem.

177 4343 264 4396 1345.
308 4337 454 4412 Quidnpm
481 4354 550 4416 ergo
573 4346 640 4394 note
658 4334 709 4397 illo
735 4333 749 4390 1
801 4334 892 4392 Acad.
908 4335 994 4396 Inscr.
1013 4334 1097 4394 Tum.
1110 4352 1237 4394 xcviii.
1256 4355 1284 4410 p.
1299 4341 1369 4401 837.

177 4428 336 4504 significatu
366 4430 526 4510 Priscipuus
549 4429 595 4506 'ia
615 4450 669 4507 pro
701 4432 749 4502 pta
799 4424 1183 4502 Bockh.11.pp.165.191.
