3176 5094
595 407 935 458 causationibus.
1346 403 1368 452 V

161 567 254 640 tibus
272 567 403 638 hausta
426 573 539 660 atque
556 566 668 659 petita
697 567 736 638 in
761 589 875 638 unum
899 565 995 636 haud
1024 561 1147 636 nimiae
1174 565 1277 637 molis
1300 587 1371 637 nec

164 697 263 768 nimii
282 694 396 791 pretii
415 694 586 768 volumen
604 697 826 768 contraham.
877 697 1045 767 Attamen
1063 705 1102 766 ut
1118 696 1207 770 certi
1222 697 1370 793 quidam

164 829 252 900 lines
268 825 458 898 laboribus
474 826 794 912 constituerentur,
814 849 954 897 mecum
972 824 1082 896 statui
1101 836 1142 897 ut
1160 826 1307 898 nonnisi
1325 825 1370 896 ad

165 955 353 1028 Euclidem
376 954 596 1026 Archontem
617 977 708 1048 opus
732 955 981 1049 perducerem,
1001 952 1057 1026 rel
1076 977 1139 1024 eas
1158 963 1298 1025 tantum
1316 952 1372 1024 in-

164 1083 383 1178 scriptiones
409 1080 619 1178 adjicerem,
647 1105 743 1179 qure,
767 1081 970 1177 postillam
994 1106 1134 1154 summo
1159 1082 1370 1178 magistratu

167 1216 333 1288 functum
374 1212 535 1308 sculptae,
577 1224 752 1286 vetustam
790 1214 868 1286 fere
905 1215 1198 1311 orthographiam
1236 1214 1372 1285 retinu-

169 1351 272 1436 erint,
305 1367 465 1420 marmor
489 1345 572 1418 dico
601 1345 847 1420 Sandviccnse
868 1367 950 1416 curn
975 1345 1099 1438 paucis
1119 1344 1210 1429 aliis,
1240 1367 1322 1440 quas
1343 1343 1372 1416 si

169 1481 389 1562 omitterem,
412 1500 503 1572 opus
525 1477 646 1549 forsan
669 1501 836 1549 mancum
858 1488 971 1572 atque
996 1478 1159 1551 mutilum
1178 1478 1373 1552 videretur.

170 1606 447 1706 Orthographia
477 1607 622 1703 quidem
654 1630 738 1701 quae
767 1618 895 1704 postea
928 1608 1079 1681 invaluit
1108 1609 1205 1680 haud
1238 1607 1373 1704 ubique

170 1741 296 1812 eodem
319 1761 420 1810 enno
437 1737 592 1808 admissa
609 1749 683 1824 est;
714 1740 777 1810 sed
796 1763 891 1825 cum,
910 1739 1060 1811 Euclide
1075 1740 1266 1822 archonte,
1290 1759 1375 1810 auc·

171 1873 314 1944 toritate
333 1873 489 1966 quadarn
513 1869 660 1964 publica
683 1869 839 1941 stabilite
866 1871 923 1955 sit,
947 1871 1041 1941 haud
1064 1871 1221 1965 ineptam
1240 1879 1373 1942 metmn

171 2001 269 2073 illum
309 2024 448 2072 annum
492 2000 593 2086 duxi,
632 2001 695 2072 ubi
738 2002 832 2072 rivos
868 2001 1083 2073 clauderem.
1137 2000 1373 2072 Recentiores

172 2133 317 2228 quidem
332 2132 598 2226 inscriptiones,
611 2133 707 2203 haud
725 2149 832 2228 reque
845 2157 888 2204 nc
903 2143 1067 2213 vetustae,
1082 2133 1226 2204 Graecoe
1237 2132 1374 2229 linguae

174 2264 343 2336 studiosis
367 2273 529 2360 prosunt,
557 2287 652 2349 cum,
680 2266 777 2360 quod
794 2263 1100 2362 orthographiam
1124 2263 1265 2349 attinet,
1292 2285 1374 2334 raro

173 2419 196 2462 a
217 2394 390 2465 librorum
419 2391 503 2463 MS.
534 2392 605 2464 lide
631 2403 668 2464 et
697 2393 840 2465 nonnisi
863 2393 908 2466 ’in
936 2394 1043 2488 perri¹
1065 2394 1235 2465 momenti
1265 2394 1373 2467 rebus

175 2525 375 2596 discedant.
422 2523 532 2596 Haud
549 2524 719 2618 equidem
736 2525 766 2596 is
784 2547 863 2596 sum
882 2525 944 2621 qui
960 2533 1086 2596 contra
1101 2525 1372 2620 inscriptionum

178 2655 420 2726 recentiorum
438 2654 628 2724 utilitatem
646 2675 822 2750 pugnem,
847 2653 877 2726 si
896 2672 972 2725 rem
990 2653 1051 2728 vel*
1065 2653 1286 2726 Historieam
1304 2655 1373 2740 vel,

179 2885 304 2942 addendo
332 2892 362 2938 ut
389 2900 487 2940 ornnes
515 2880 673 2952 intelligant
699 2897 754 2954 qua
804 2879 894 2936 sintne
915 2877 1000 2948 lusus,
1034 2897 1070 2934 an
1096 2878 1201 2954 aliquid
1225 2879 1376 2948 serii-illis

179 2976 306 3034 doctrina
332 2977 482 3032 instructus
510 2973 545 3030 ad
571 2973 632 3028 baec
663 2971 756 3030 studia
804 2973 851 3047 qui
872 2972 974 3029 talibus
1002 2973 1182 3042 delectantur,
1208 2974 1378 3048 perpenden-

179 3071 327 3128 sccesserlt
367 3068 556 3126 Mursianus.
617 3067 650 3122 In
690 3063 757 3122 no'te
806 3067 873 3122 dum
885 3065 1046 3140 relinquo.”¹
1060 3062 1147 3122 Plura
1166 3065 1284 3140 adJ‘icere
1302 3065 1376 3124 baud

180 3167 229 3224 illa
266 3166 446 3240 inscriptione
488 3162 668 3222 Nointeliena
709 3181 758 3220 vo·
806 3177 876 3234 opus
897 3165 950 3216 est.
996 3155 1079 3224 Quod
1100 3157 1309 3232 inscriptionum
1327 3173 1377 3218 ex·

180 3283 226 3320 ese
262 3259 553 3320 ΕΝΗΑΥΙΕΥΣΙΝ
586 3261 627 3316 ita
658 3257 757 3326 reddit,
807 3257 954 3329 scriptores
975 3253 1084 3323 attinet,
1104 3255 1248 3314 verissime
1269 3257 1403 3334 procul·¹

181 3357 245 3414 “In
270 3355 420 3414 maritimis
448 3352 671 3430 navigationibus
704 3352 757 3409 nisi
807 3349 889 3405 dubio
925 3347 1028 3404 Gorius
1063 3347 1104 3418 (in
1139 3346 1224 3405 Praei.
1255 3350 1376 3410 “luscr.

181 3451 219 3507 sit
237 3449 266 3506 in
287 3449 409 3508 Educ!
427 3503 432 3512 ,
451 3447 546 3504 Voces
564 3449 697 3514 ἐκκλησία
713 3469 757 3502 eo·
808 3443 905 3518 Antiq.
920 3443 948 3498 in
963 3441 1056 3497 Etrur.
1070 3442 1130 3497 urb.
1143 3441 1294 3520 exstent')
1313 3445 1377 3502 “ln

183 3547 230 3624 pto
258 3545 313 3601 hoc
341 3543 424 3600 ruodo
449 3542 592 3612 transfert,
621 3549 641 3576 “
655 3539 757 3598 Concio
807 3537 993 3596 exscribendis
1007 3537 1123 3594 vetustis
1136 3537 1288 3612 lapidibus,
1300 3556 1378 3613 ψη-

187 3637 478 3695 Senotorio.”-Cum
498 3635 716 3712 quoquealiquis
729 3635 757 3690 in
807 3643 848 3691 ter
873 3651 1016 3690 summam
1043 3633 1137 3704 fidem,
1170 3652 1377 3710 summum-que

189 3729 329 3805 Delphico
366 3729 578 3804 amphitheatro
611 3739 678 3786 noto
707 3726 757 3785 ille
806 3729 976 3805 diligentiam
1021 3739 1049 3786 et
1086 3730 1211 3788 laborem
1250 3730 1376 3788 omnium

186 3823 291 3882 oraculi
319 3825 418 3882 Croeso
450 3833 585 3899 response
618 3843 633 3880 e
666 3824 756 3898 primo
806 3823 1083 3894 aerumnosissimum,
1100 3823 1210 3896 'optime
1231 3835 1376 3896 noverum,

189 3916 323 3975 Herodoti
351 3920 421 3976 libro
450 3920 616 3994 scripsisset,
635 3938 723 3995 eaque
739 3940 757 3977 e
806 3922 946 3998 praecipua
959 3921 1080 3996 quedam
1095 3921 1377 3994 opusessedoctrinn,

187 4011 291 4068 viatore
315 4011 408 4088 aliquo
434 4015 577 4088 exscripta
598 4015 634 4070 ad
659 4015 757 4072 Mura-
807 4033 869 4085 usu,
882 4013 1377 4094 exercitatione-antique'insuper

188 4103 290 4161 terium
309 4105 398 4163 allata
411 4117 514 4176 essent,
535 4107 621 4164 edidit
638 4107 668 4163 in
684 4108 758 4165 The·
806 4107 1022 4183 orthographiae,
1048 4108 1243 4186 variorumque
1263 4111 1378 4168 charnc-

188 4215 278 4268 sauro,
313 4197 360 4256 bis
385 4199 476 4256 verbis
499 4199 609 4258 additis.
650 4200 756 4270 “Quid
807 4214 898 4264 terum
912 4201 1019 4260 eximie
1032 4201 1158 4275 peritia.”

188 4289 239 4346 sibi
261 4289 349 4349 velint
369 4309 472 4350 arcena
492 4293 553 4350 haec
568 4292 713 4370 mysteria,
729 4303 757 4350 et
1167 4283 1171 4290 ⁴
