3218 5116
823 337 892 419 162
909 399 923 409 -
1196 345 1202 355 ⁹
1222 351 1374 438 [Crass.
1398 353 1460 421 lli.

257 539 376 620 tarrae,
416 529 639 605 infernorum
690 530 841 606 numine
887 526 1032 604 nutritis
1084 538 1123 604 et
1156 528 1320 615 lammis,
1360 551 1458 604 coms

255 664 479 760 paravimus:
506 662 556 735 ita
586 663 665 762 jam
695 661 912 762 intelligitur
943 683 1052 735 omne
1085 659 1206 748 uitale,
1233 657 1346 758 quod,
1370 682 1457 734 curn

254 807 364 867 antea
388 795 544 890 latuerit,
571 819 671 869 nunc
701 795 951 892 imperfectum
974 795 1093 869 adhuc
1125 805 1163 868 et
1192 793 1349 870 informe
1374 817 1457 890 pro·

254 924 451 1023 germinat,
479 949 523 998 ea
546 925 662 998 forma
686 924 865 998 exhiberi.
921 923 1103 1017 Quocirca
1125 923 1322 998 inunctum
1350 923 1456 998 modo

256 1069 420 1132 natorum
449 1059 553 1132 cunis
584 1071 622 1133 et
652 1059 772 1133 fasciis
804 1069 1009 1157 serpentem
1037 1077 1200 1144 aureum,
1228 1054 1455 1130 Erichthonii

254 1187 460 1288 imaginem,
485 1189 621 1262 addere
639 1197 743 1264 uetus
761 1185 965 1261 Atticorum
991 1184 1199 1282 superstitio
1223 1182 1454 1280 ρνινοορὶὶῑ.υ

332 1336 450 1412 “Sed
476 1333 597 1409 mirari
621 1334 727 1420 subit,
754 1346 844 1433 quot
869 1347 905 1409 et
929 1358 1036 1431 quam
1058 1334 1172 1408 varias
1197 1359 1256 1407 res
1279 1334 1452 1434 exiguum

253 1473 355 1545 celtas
382 1469 538 1568 spatium
565 1467 893 1565 comprehenderit.
948 1467 1088 1541 Ibidem
1112 1468 1210 1540 enim
1233 1491 1343 1541 ormo
1366 1490 1452 1540 con·

251 1613 355 1698 gesta
378 1601 515 1682 erant⁹,
545 1599 640 1669 inter
663 1621 746 1690 quae
766 1588 925 1669 Masistii
956 1597 1150 1670 Persarum
1169 1597 1334 1693 equitatu
1360 1619 1451 1691 prae·
1496 1596 1500 1605 '

252 1731 338 1804 tecti
372 1703 498 1818 lorica,
539 1739 576 1803 et
605 1729 783 1821 acinaces,
818 1753 928 1827 quem
963 1727 1152 1803 Mardonii
1186 1753 1265 1802 esse
1299 1728 1451 1802 mentie-

251 1865 385 1936 bantur
415 1861 680 1952 Athenienses,
728 1861 983 1936 memorantur.
1053 1859 1201 1961 Neque,
1245 1888 1327 1938 cum
1363 1863 1449 1935 nihil

253 1993 360 2094 plane
397 1995 541 2070 silentio
576 1997 852 2094 pretermittere
887 1997 1000 2070 visum
1035 1997 1090 2084 sit,
1117 1998 1162 2070 de
1193 1997 1280 2071 sella
1309 1996 1453 2094 plicatiti

251 2146 290 2208 et
307 2133 594 2208 circumforanea
612 2129 732 2233 (διφρῳ
749 2125 912 2226 όιιλαδὶᾲ,)
942 2131 1117 2206 Daedareo
1139 2129 1306 2204 nimitum
1325 2155 1448 2229 opere,

250 2270 445 2342 tacendum
489 2275 570 2356 est:
617 2289 701 2366 quas
745 2267 906 2340 omnium
953 2267 1056 2365 quasi
1098 2267 1336 2366 archetypum
1374 2277 1450 2342 erat

250 2391 432 2488 sellarum,
460 2400 604 2495 quasin
623 2419 765 2496 ‘pompa
784 2398 1058 2474 Panathenaica
1081 2399 1342 2497 inquilinorum
1365 2401 1450 2475 tiliae
1581 2425 1582 2436 ¹

250 2545 331 2631 post
347 2533 507 2632 virgines
521 2534 664 2608 Atticas
681 2547 825 2631 portare
843 2538 1107 2635 cogebantur.”

262 2671 268 2710 ³
325 2690 350 2720 “
369 2683 483 2758 Nunc
518 2685 661 2757 tandem
698 2687 792 2780 pede
826 2684 941 2761 relato
975 2685 1013 2756 in
1045 2685 1304 2760 Pandroseum
1330 2709 1449 2761 rever·

249 2813 371 2902 timor,
408 2814 504 2912 quod
534 2824 732 2912 angustum
763 2812 924 2910 quidem,
951 2815 1015 2887 sed
1050 2825 1086 2888 et
1115 2815 1183 2888 hoc
1218 2817 1450 2892 sanctissimis

249 2941 474 3017 caeremoniis
516 2954 779 3018 consecratum.
852 2939 929 3015 Hic
968 2942 1066 3017 enim
1113 2943 1317 3019 Pandrosos
1347 2933 1449 3020 habi·

249 3076 360 3161 tabat,
385 3076 443 3150 hic
474 3051 657 3162 Pandora,
685 3076 745 3148 hic
776 3075 948 3163 unatim,
985 3075 1059 3171 ipse
1094 3075 1251 3174 denique
1284 3073 1449 3174 Cecrops

250 3208 412 3304 sepultus
436 3207 655 3281 serebatur⁴.
710 3207 781 3280 Sed
806 3206 939 3278 ibidem
958 3205 1123 3304 sacerdos
1148 3229 1229 3280 cum
1247 3208 1449 3304 ersephoris

254 3577 257 3586 .
292 3503 422 3582 ¹Enrip.
440 3506 511 3586 vion.
541 3511 589 3566 25.
623 3511 710 3568 1444.
760 3505 826 3572 Quo
876 3505 979 3562 armati
999 3505 1138 3564 Minervae
1158 3505 1268 3564 Poliadi
1286 3504 1450 3564 mentes-

249 3603 363 3684 quidem
387 3602 490 3684 ¹tetiam
505 3604 639 3680 annulum
667 3599 748 3659 illum
776 3618 826 3656 aa·
876 3611 950 3662 runt.
976 3603 1016 3660 11.
1031 3608 1069 3688 Ι4.
1092 3607 1143 3670 29.
1187 3603 1256 3672 Quo
1280 3603 1448 3680 approbatur

248 3700 366 3774 guinem
403 3717 518 3756 aureum
556 3699 708 3770 traherem,
740 3715 824 3772 quem
874 3695 1069 3774 interpretatio
1088 3696 1244 3774 anaglyphi
1258 3718 1287 3774 p.
1302 3705 1352 3757 28.
1375 3719 1404 3758 n.
1419 3696 1447 3758 6.

247 3813 340 3870 nuper
362 3813 448 3872 prope
472 3796 564 3872 Cepos
587 3794 764 3854 Milesiorum
788 3793 823 3850 ad
875 3795 1034 3854 memorati.
1083 3793 1126 3851 lbi
1150 3795 1226 3853 enim
1254 3795 1298 3853 vir
1320 3805 1449 3854 armatus

250 3893 408 3967 Bosporum
452 3892 656 3952 cimmericum
697 3887 825 3965 sepulcro
874 3893 1003 3950 adstante
1024 3889 1144 3950 victoria
1163 3891 1223 3950 deae
1244 3890 1358 3948 εἰιινίιιιο
1380 3893 1449 3952 θύει.

247 3991 322 4052 eruit
335 3990 468 4052 Clarhius
479 3989 612 4066 <Transis
630 3988 662 4049 P.
676 3989 698 4044 l.
713 4006 742 4063 p.
754 3993 822 4056 397.
913 3989 925 4021 ³
947 3987 1031 4047 Paus.
1046 3987 1100 4046 1X.
1115 3992 1164 4061 35,
1182 3997 1208 4047 1.
1229 3986 1267 4067 τῇ
1283 3985 1373 4065 ἑτέρᾳ
1391 3988 1451 4045 ruia

247 4107 316 4150 cum·
340 4089 454 4164 deliu.):
490 4087 515 4147 si
542 4103 626 4163 opere
659 4083 824 4142 Graecanicu
871 4084 966 4165 Ὠρνῖν
987 4084 1116 4158 νέμουσιν
1135 4085 1206 4158 ὁμοῦ
1227 4081 1267 4163 τῇ
1291 4080 1449 4164 l'lovdpdcp

247 4185 338 4246 iactus
381 4185 530 4242 videretur.
593 4181 648 4240 Sed
690 4180 823 4239 industrie
873 4182 955 4252 τιμιὶι
975 4185 1003 4238 οι·
1024 4177 1166 4248 Ἀθηναῖοι
1189 4178 1295 4236 θολλιδ
1313 4180 1368 4248 viis
1387 4175 1450 4238 dedu

247 4282 389 4353 pensanda
424 4291 498 4350 suut,
532 4297 595 4354 quat
631 4277 722 4336 Ritter
748 4278 770 4338 l.
796 4279 821 4340 l.
872 4276 1110 4354 ἐπονομάζοντες.

248 4393 278 4448 p.
290 4382 362 4442 1229.
749 4383 755 4398 '
913 4371 924 4403 ⁴
944 4370 1078 4430 Clemens
1086 4371 1174 4436 Alex.
1185 4369 1303 4438 cohors.
1318 4391 1348 4450 p·
1357 4376 1407 4440 29.
1417 4371 1448 4434 b.

247 4523 256 4536 ,
289 4460 452 4555 'hanapia
472 4463 705 4556 treunam.
727 4467 823 4530 Etiam
872 4467 973 4550 etalii.
