3176 5094
477 1310 1047 1398 PROLEGOMENA.

239 2024 460 2108 Nonnurnu
489 2045 586 2120 sunt,
623 2035 665 2107 L.
686 2033 729 2106 B.
760 2055 843 2127 quae
862 2031 907 2102 de
930 2027 1095 2100 instituto
1119 2052 1200 2100 meo
1222 2029 1368 2124 praefari

163 2159 285 2245 velim,
315 2172 357 2233 ut
385 2164 479 2233 ratio
510 2162 628 2258 operis
659 2161 842 2245 reddatur,
878 2155 1133 2254 intelligasque
1164 2155 1252 2250 quid
1285 2156 1372 2228 rnibi

165 2293 398 2367 efficiendum
428 2293 689 2388 proposuerim.
739 2290 959 2384 Quicunque
986 2290 1033 2359 ad
1058 2289 1299 2364 vetustiorum
1329 2289 1372 2360 li-

164 2433 327 2494 terarum
349 2423 563 2494 Graecarum
588 2420 743 2493 studium
770 2443 848 2491 sese
871 2418 1111 2506 accinxerint,
1140 2420 1374 2514 quantulurn·

165 2576 317 2648 cunque
351 2552 444 2623 lucis
479 2553 553 2623 suis
587 2551 771 2622 laboribus
813 2549 1001 2622 Marmora
1041 2551 1242 2639 effundant,
1285 2549 1373 2624 illu'd

166 2707 279 2754 ornne
315 2707 455 2755 summa
491 2683 680 2781 diligentia
717 2682 890 2754 hauriunt
923 2692 1035 2776 atque
1074 2683 1347 2778 amplectuntur
1359 2711 1370 2770 ;

169 2810 270 2903 quod
300 2812 444 2906 quidem
474 2812 594 2884 effecit
620 2812 723 2883 utin
754 2813 807 2882 bis
832 2812 986 2884 Athenis
1012 2813 1185 2886 ornandis
1209 2814 1312 2886 multi
1337 2825 1375 2889 et

170 2941 218 3011 illi
244 2941 390 3037 quidern
413 2942 499 3014 satis
521 2941 877 3029 docti-elaborlrint
909 2968 1061 3040 quorum
1090 2955 1210 3017 tamen
1235 2947 1375 3020 elabo-

163 3073 272 3150 ‚ribus
317 3073 362 3164 (si
399 3096 511 3144 unum
551 3096 632 3144 curn
667 3072 780 3143 altero
820 3072 941 3144 forsan
985 3073 1159 3168 excipias)
1206 3074 1375 3148 minimus

171 3213 272 3274 certe
298 3201 467 3288 fructus„
485 3212 522 3275 et
546 3201 607 3272 ille
635 3201 780 3296 quidern'
811 3201 955 3272 nonnisi
985 3226 1126 3274 surnnro
1158 3202 1284 3278 labore
1312 3209 1376 3277 arl-

172 3331 300 3416 bibito,
343 3332 464 3428 colligi
496 3343 625 3426 potest.
677 3331 811 3401 Omnia
845 3330 940 3401 enirn
975 3331 1136 3402 omniurn
1174 3341 1375 3428 temporum

174 3475 409 3538 monumenta
442 3485 660 3561 congessere
693 3473 804 3554 atque
828 3461 865 3532 in
896 3485 1007 3532 unurn
1038 3464 1242 3560 conjeram,
1277 3470 1376 3541 unde

174 3593 261 3688 quid
300 3617 365 3666 sua
408 3589 543 3664 referat
587 3589 744 3661 Criticus
789 3589 847 3661 vix
889 3613 1028 3662 summo
1074 3590 1198 3664 labore
1247 3617 1376 3670 eruere

176 3735 294 3818 potest
312 3735 423 3819 atque
451 3721 638 3793 extricare.
691 3717 783 3807 Quae
812 3718 957 3815 quidem
990 3723 1036 3791 ad
1068 3745 1142 3792 reni
1181 3721 1377 3824 Philologi-

175 3879 253 3926 carn
288 3877 415 3926 revera
449 3849 598 3934 faciunt,
636 3871 751 3944 pauca
788 3860 884 3935 sunt,
920 3850 1066 3922 nimium
1098 3876 1226 3946 pauca,
1263 3867 1310 3946 et,
1338 3858 1375 3931 id

177 3986 273 4079 quod
298 3984 383 4056 satis
411 3989 522 4076 patet.
547 4003 592 4052 ex
620 3978 692 4049 ima
714 3987 893 4050 vetustate
924 3978 1099 4075 repetita;
1145 4005 1229 4076 quas
1253 4000 1374 4060 autern

178 4111 232 4180 sui
273 4107 427 4205 vestigia
474 4116 632 4178 vetustas
683 4105 807 4192 (modo
850 4103 900 4174 ita
942 4105 1041 4204 loqui
1086 4106 1208 4199 liceat)
1249 4109 1377 4207 junior

180 4242 333 4339 reliquit,
384 4262 429 4312 ea
475 4238 626 4334 plurima
675 4245 770 4321 suut,
822 4259 870 4309 ne
918 4236 1058 4310 infinita
1105 4238 1235 4312 dicam.
1312 4243 1375 4318 An

181 4399 263 4450 rere
292 4373 455 4458 dixerim,
489 4371 630 4444 illorurn
660 4369 707 4442 sit
726 4367 907 4467 judicium
937 4372 999 4464 qui
1031 4371 1189 4448 Graeciae
1214 4376 1375 4472 antiquas

758 4525 780 4570 a
