3196 5100
734 417 804 492 263

513 736 664 816 Cusus.
696 733 773 814 IV.
828 729 984 814 Inson.
1018 725 1056 808 I.

398 943 709 1020 INSCRIPTIO
750 937 1114 1017 ORCHOMENIA
1142 937 1173 1009 l.

652 1149 745 1210 TAB.
767 1148 913 1206 XXXIX.

722 1345 846 1382 -0-

214 1513 369 1580 Meterius
387 1513 493 1597 Geog.
517 1537 551 1597 p.
569 1520 643 1577 342.
664 1515 731 1592 (ed.
751 1513 859 1588 1728.)
904 1509 1061 1596 Walpoic,
1080 1530 1113 1595 p.
1129 1508 1207 1582 469.
1251 1507 1367 1574 Clarke

236 1613 313 1678 Irin.
339 1610 432 1676 Tom.
457 1610 534 1675 VII.
557 1636 590 1697 p.
622 1619 694 1684 190.
739 1608 883 1676 visconti
906 1607 1011 1675 Catnl.
1044 1607 1164 1673 Marm.
1195 1607 1301 1692 Eigin.
1331 1631 1368 1692 p.

241 1719 313 1778 155.
358 1710 483 1776 Biickb.
501 1709 594 1776 Tonr.
615 1708 665 1774 ΙΙ.
685 1734 719 1794 p.
738 1716 815 1775 35⁵.

259 1864 458 1952 Munuon
489 1875 621 1974 tripiici
651 1877 866 1974 Epigraphe
895 1876 1041 1976 insigne
1071 1877 1299 1950 Orchomeni
1335 1900 1394 1950 re·

183 2019 327 2108 pertum
353 2033 452 2084 nunc
480 2011 518 2082 in
544 2009 681 2082 Museo
709 2010 922 2082 Britannico
948 2024 1166 2082 asservatur.
1209 2009 1392 2081 Dobraeus

182 2163 302 2236 pauca
342 2140 406 2210 sed
441 2138 573 2212 eximia
615 2139 661 2209 de
696 2137 810 2210 tribus
841 2138 941 2210 hisce
976 2135 1274 2231 inscriptionibus
1312 2161 1394 2208 curn

185 2267 335 2342 Clarkio
376 2267 668 2342 communicavit.
738 2267 799 2339 Ad
839 2267 993 2340 eundern
1031 2289 1109 2365 rem
1145 2288 1271 2338 omnes
1313 2289 1396 2361 per·

185 2404 305 2477 tinere
345 2403 463 2476 docet.
531 2402 698 2476 Eubulus
744 2401 883 2475 scilicet
924 2371 1181 2477 Orchomeniis
1233 2407 1395 2470 mutuam

186 2535 339 2609 dederat
373 2534 564 2630 pecuniam
594 2535 698 2636 cujus
725 2559 808 2633 pars
838 2535 1005 2631 quaedam
1037 2556 1161 2604 mense
1193 2529 1398 2604 Tbelutbio

188 2666 306 2740 soluta
327 2674 413 2738 cst.¹
444 2665 527 2738 Hoc
552 2665 649 2740 facto
672 2667 896 2765 syngraphas
921 2691 1005 2763 quae
1029 2665 1129 2760 apud
1159 2663 1396 2760 Euphronem

189 2804 227 2866 et
278 2793 367 2867 aiios
416 2794 655 2868 servabantur
697 2795 815 2866 irritas
850 2793 1050 2876 faciendas,
1087 2818 1274 2892 novasque
1309 2791 1398 2868 s'cri·

189 2923 329 3010 bendas
357 2946 437 2994 esse
466 2922 568 3016 plebs
599 2923 734 2993 statuit.
789 2921 1016 3020 Syngrapbae
1043 2947 1160 3005 novar,
1188 2935 1229 2996 ut
1263 2949 1310 2996 ex
1341 2923 1397 2998 in-

187 3054 389 3148 scriptione
425 3054 586 3125 secunda
624 3060 734 3146 patet,
772 3053 869 3146 apud
907 3052 1098 3148 Sophilum
1130 3064 1167 3126 et
1203 3054 1292 3126 aiios
1323 3079 1397 3128 ser·

188 3183 381 3274 vabantur,
416 3194 455 3254 et
488 3184 585 3279 quod
628 3181 808 3280 reliquum
849 3193 928 3256 erut
968 3184 1136 3279 pecuniae
1171 3184 1303 3273 soluto,
1339 3185 1397 3258 hae

189 3337 339 3412 quoque
382 3315 512 3386 eodem
554 3314 661 3384 modo
705 3337 779 3410 quo
819 3313 961 3410 priores
1002 3312 1115 3386 irritas
1154 3315 1262 3388 factae
1299 3325 1397 3388 sunt.

189 3448 325 3520 Postea
365 3445 402 3518 in
442 3443 679 3540 inscriptione
711 3444 820 3518 tertia
865 3445 1135 3519 Orchomenios
1175 3455 1215 3518 ut
1251 3445 1398 3519 Eubulo

186 3579 415 3652 benefactori
442 3601 509 3651 suo
533 3600 600 3672 per
628 3587 789 3673 quatuor
814 3597 931 3649 annos
955 3577 1068 3650 boves
1096 3587 1206 3672 atque
1237 3577 1398 3672 pecudes

188 3707 226 3778 in
268 3697 422 3801 publicis
457 3705 556 3779 urbis
590 3707 690 3804 agris
730 3730 880 3804 pascere
915 3707 1044 3782 liceret
1080 3709 1285 3783 decrevisse
1329 3721 1400 3784 tra·

187 3840 295 3912 ditur.
347 3839 447 3912 Toto
462 3840 558 3912 coelo
574 3841 721 3912 aberrat
738 3839 947 3914 Viscontius
979 3840 1042 3938 qui
1065 3841 1100 3913 in
1132 3841 1199 3913 hoc
1222 3865 1400 3915 marmore

191 3969 313 4043 foedus
351 3971 396 4041 de
436 3972 579 4068 pascuis
620 3971 717 4046 inter
748 3971 897 4046 Elateos
933 3982 972 4047 et
1008 3973 1274 4047 Orchomenios
1314 4001 1401 4049 con·

101 4201 105 4208 .
192 4100 302 4174 tineri
334 4112 447 4196 putat.
502 4103 685 4176 B'ockhius
720 4106 847 4176 eodem
879 4105 956 4177 fere
985 4105 1092 4178 modo
1119 4129 1194 4203 quo
1223 4105 1402 4180 Dobraeus

193 4253 270 4301 rem
306 4229 475 4326 explicat,
512 4233 650 4304 addens
687 4231 882 4320 Eubulum,
929 4258 1002 4333 quo
1039 4245 1204 4331 tempore
1238 4248 1398 4310 mutuam

197 4362 452 4436 Orchomeniis
487 4365 680 4462 pecuniam
716 4368 867 4458 dederit,
907 4369 954 4441 ab
992 4369 1035 4441 iis
1075 4367 1232 4442 vicissim
1266 4394 1402 4467 pascua

199 4493 306 4587 quasi
332 4495 465 4592 pignus
487 4498 684 4594 accepisse.
