3222 5104
690 385 920 436 sensuum.
1306 377 1377 454 373

235 547 460 632 Peloponnesii
494 571 575 613 anno
609 547 798 626 ceciderant,
838 545 1017 611 describens
1051 550 1074 612 l.
1099 571 1129 611 c.
1167 548 1232 612 hee
1266 551 1377 615 habet:

236 638 393 712 Τιθέασιν
406 636 461 713 οὖν
476 639 507 717 ἐς
531 641 573 711 ‘ro'
597 635 753 724 δημόσιον
769 644 872 722 σῆμα,
889 638 908 708 ὅ
930 639 1026 708 ἐστιν
1040 637 1097 709 ἐπὶ
1113 643 1177 710 τοῦ
1194 646 1378 712 καλλίστου

236 742 440 831 προαστείου
457 746 517 821 τῆς
534 737 672 814 πόλεως.
714 740 788 807 Kal
803 736 862 806 ciel
886 735 924 806 ir
939 735 1046 826 αὐτῷ
1063 739 1267 809 θάπτουσι
1289 739 1380 813 roris

235 833 363 905 ἐκτῶν
388 839 590 925 πολέμων,
616 838 723 919 πλήν
748 864 801 925 γε
823 833 919 910 rods
942 832 983 903 ἔν
1006 838 1243 929 Μαραθῶνι.
1287 836 1380 907 ἐκεί·

237 963 308 1002 νων
334 928 373 1003 dd
406 929 609 1028 διαπρεπῆ
642 934 718 1017 τήν
749 930 904 1026 ἀρετὴν
935 934 1152 1027 κρίναντες,
1177 934 1299 1004 αὑτοῦ
1319 935 1381 1004 scal

235 1029 307 1100 τὸν
331 1033 469 1128 τάφον
493 1033 705 1114 ἑποίησονὶ
757 1036 855 1100 Vides
879 1057 975 1100 caesos
1004 1037 1043 1098 ad
1071 1035 1243 1102 Potidaeam
1269 1040 1380 1102 eodem

235 1129 290 1196 illo
322 1136 395 1199 loco
430 1137 586 1214 conditos,
627 1158 719 1220 quem
754 1132 963 1196 monumentis
997 1145 1028 1198 et
1061 1133 1214 1218 sepulcris
1252 1134 1379 1218 plenum

236 1232 383 1297 describit
410 1233 591 1298 Pausanias.
646 1233 730 1296 Nam
759 1230 933 1295 Scholiasta
954 1228 1100 1312 Thucyd.
1120 1234 1157 1294 ad
1184 1255 1211 1294 v.
1229 1220 1382 1308 δημόσιον

236 1328 329 1407 σῆμα
355 1334 510 1410 observat,
536 1330 567 1395 id
590 1354 658 1395 esse
675 1324 718 1395 ‘rd
736 1325 935 1405 καλούμενον
950 1323 1144 1416 κεραμεικόν.
1189 1327 1262 1393 Fuit
1278 1342 1382 1394 autem

235 1423 286 1490 hic
305 1425 388 1492 idem
413 1451 486 1492 curn
504 1427 685 1503 Academia,
711 1427 788 1492 alter
806 1427 858 1490 ille
885 1425 1068 1490 Ceramicus
1093 1439 1177 1488 extra
1197 1430 1316 1503 urbem,
1342 1428 1381 1489 de

237 1548 303 1610 quo
319 1526 362 1590 ef.
383 1525 544 1591 Meursius
568 1523 748 1593 Ceramicus
767 1522 919 1589 Geminus
934 1547 964 1588 c.
981 1543 1048 1588 xx.
1071 1521 1101 1586 in
1120 1522 1264 1588 Gronov.
1282 1523 1381 1588 Thes.

236 1620 367 1708 Antiqq.
387 1621 454 1687 Err.
472 1622 511 1686 Τ.
526 1645 577 1690 rv.
598 1648 630 1708 p.
649 1631 741 1689 1008.
760 1625 809 1688 ed.
827 1623 941 1686 Venet.

311 1732 374 1798 His
388 1734 431 1801 ita
444 1735 596 1822 expositis
609 1735 767 1824 conjicere
783 1735 871 1816 licet,
894 1733 1070 1820 qualorum
1093 1757 1229 1800 marmor
1242 1747 1383 1800 nostrum

237 1829 340 1908 fuerit,
367 1832 547 1920 priusquam
571 1836 771 1918 frangeretur.
816 1832 891 1897 Erat
913 1829 1060 1896 nimirum
1078 1834 1116 1896 ad
1143 1835 1291 1898 rationem
1314 1833 1384 1918 cip·

236 1951 362 2012 porum,
388 1954 521 2014 quorum
550 1931 623 1996 satis
640 1931 729 1994 multi
747 1927 858 2013 integri
879 1929 918 1992 ad
939 1943 1077 1993 nosuam
1102 1929 1283 1994 memoriam
1312 1954 1384 2015 per·

238 2041 397 2104 venerunt,
424 2031 582 2106 columns,
615 2023 740 2104 στήλη,
776 2027 937 2111 quadrata,
975 2047 1014 2088 eo
1041 2024 1168 2108 quidem
1197 2027 1326 2106 ambitu,
1351 2040 1385 2092 ut

238 2121 363 2185 nomina
380 2137 504 2188 centum
535 2137 566 2187 et
596 2121 821 2207 quinquaginta
839 2119 1091 2198 Atheniensium,
1119 2145 1252 2206 quorum
1276 2122 1386 2188 honori

239 2231 341 2282 erecta
359 2233 435 2293 erat,
461 2219 492 2284 in
512 2219 617 2303 plures
640 2219 763 2282 ordines
780 2217 939 2300 disposita,
966 2237 1103 2280 necnon
1123 2232 1155 2280 et
1170 2218 1277 2282 Callias
1295 2242 1384 2284 com-

239 2315 495 2380 memorationem
525 2314 801 2400 caperet.·-Huic
818 2315 1038 2378 defunctorum
1058 2311 1154 2377 indici
1184 2317 1383 2403 subjunctum

239 2425 305 2478 erat
322 2413 524 2499 epigramma,
551 2416 636 2500 quod
654 2413 795 2477 virtutem
812 2433 918 2476 eorum
937 2426 1204 2476 commemoraret.
1245 2414 1295 2478 Ac
1313 2438 1384 2498 pars

240 2511 365 2598 quidem
400 2511 550 2596 superior,
586 2533 655 2597 quae
689 2510 817 2574 nomina
846 2507 1037 2581 continebat,
1071 2521 1135 2572 tota
1163 2509 1289 2589 interiit,
1324 2512 1383 2576 nisi

240 2613 325 2694 quod
354 2609 384 2673 in
414 2613 548 2675 fractura
574 2609 678 2693 auguli
704 2607 817 2672 sinistri
844 2609 955 2670 ductus
977 2606 1118 2670 nonnulli
1142 2609 1209 2694 ejus
1237 2608 1383 2688 nominis,

241 2710 326 2792 quod
352 2722 491 2773 extremo
508 2712 580 2773 loco
598 2709 737 2794 positum
755 2719 831 2780 erat,
859 2703 1022 2784 emineant,
1046 2703 1089 2768 ita
1107 2717 1209 2770 tamen
1228 2705 1382 2788 dissoluti,

242 2817 277 2868 ut
292 2804 368 2869 nihil
382 2806 454 2870 inde
471 2807 586 2870 efficias
596 2799 620 2870 ¹.

317 2917 466 2984 Ceterum
483 2922 573 3007 eujus
599 2920 719 3003 generis
740 2920 900 3003 catalogus
915 2917 965 2982 hic
983 2917 1110 2995 interiit,
1136 2921 1203 3003 ejus
1219 2943 1256 2982 ex
1275 2923 1386 2984 eodem

243 3037 310 3080 aevo
327 3017 438 3080 servati
456 3031 527 3081 suut
538 3019 612 3092 duo,
635 3017 714 3082 alter
731 3041 824 3102 quern
843 3015 1020 3080 Nointelius
1034 3015 1166 3080 Athenis
1183 3015 1316 3080 Parisios
1334 3021 1387 3082 de-
1435 3065 1438 3074 Α

239 3113 320 3194 tulit,
347 3116 386 3180 de
411 3137 476 3201 quo
505 3118 647 3180 conferas
662 3113 798 3200 losephi
824 3113 961 3178 Bimardi
985 3113 1137 3177 dissertat.
1168 3111 1199 3174 in
1218 3113 1386 3180 Muratorii

240 3209 335 3276 Novo
351 3211 506 3276 'Ihesauu
527 3213 687 3297 Inscriptt.
707 3212 813 3277 Graec.
831 3211 874 3274 T.
893 3233 919 3275 1.
945 3235 977 3295 p.
992 3217 1045 3276 42.
1087 3210 1267 3274 Montsnuc.
1285 3209 1386 3276 Paloe-

243 3331 310 3392 ogr.
330 3310 389 3374 Gr.
405 3309 476 3374 Lib.
498 3332 538 3375 11.
556 3335 588 3396 p.
600 3319 654 3374 42.
670 3325 702 3376 et
721 3308 832 3374 Maffei
850 3307 1000 3373 Museum
1015 3308 1187 3371 Veronens.
1202 3331 1233 3392 p.
1245 3327 1385 3374 ccccvt.

241 3405 409 3493 inscriptus
431 3409 541 3474 honori
558 3432 676 3483 eorum,
699 3408 752 3495 qui
778 3407 809 3471 in
834 3405 955 3490 Cypro,
985 3405 1137 3489 AEgypto,
1165 3405 1326 3484 Phoenice,
1353 3406 1385 3470 in

241 3503 458 3585 Haliensibus,
485 3506 516 3571 in
547 3506 662 3590 AEgina
689 3520 783 3593 atque
812 3504 952 3588 Megaris
979 3503 1169 3580 ceciderunt,
1194 3526 1303 3568 omnes
1330 3527 1386 3568 eo-

279 3743 288 3774 ¹
310 3741 465 3800 Viscontus
475 3750 564 3816 putat,
578 3741 677 3798 ductus
685 3739 748 3797 illos
757 3757 791 3796 ex
843 3739 916 3796 unde
930 3737 1041 3796 titulum
1055 3739 1174 3814 conjecit
1188 3739 1271 3798 luisse
1281 3753 1289 3797 :'

239 3819 325 3878 literis
338 3820 437 3878 EAOl
449 3839 499 3896 pro
519 3822 628 3899 ...ηγᾲ
638 3837 792 3894 superesse,

456 3913 608 3970 aranos
631 3912 755 3970 surm
779 3912 1079 3969 usxnrrsrnsrr

456 3991 661 4050 norsrusr
683 3991 997 4049 austrannum
1018 3991 1152 4048 arran
1259 4065 1263 4070 Ι

454 4069 664 4127 snornsnn
686 4070 870 4141 oroma,

238 4161 462 4232 lelsusomnino,
482 4163 628 4239 siquidem,
650 4171 793 4220 utmonu·
844 4162 916 4240 quod
944 4161 1037 4220 uullus
1072 4161 1186 4218 omnino
1212 4160 1308 4218 titulus
1335 4165 1395 4239 ejus

239 4242 325 4311 imus,
346 4241 460 4298 nomina
482 4241 674 4301 defunctorum
692 4262 727 4300 ex
743 4261 792 4300 usu
844 4241 952 4317 generis
970 4243 1006 4298 ab
1024 4245 1060 4298 elo
1078 4238 1154 4310 rods,
1176 4245 1211 4297 etr
1231 4241 1285 4308 ’τήν
1301 4240 1338 4298 al.
1351 4245 1395 4298 ln·

240 4319 359 4380 solemni
379 4320 407 4378 in
424 4321 584 4398 hujusmodi
606 4323 793 4382 monumentis
845 4322 951 4398 cipiens
989 4338 1111 4396 unquam
1152 4317 1279 4393 sepulcro
1311 4320 1395 4379 alicui

241 4401 398 4476 praecedere
438 4401 601 4465 debuerunt.
664 4401 794 4472 Accedit,
845 4401 918 4482 apud
939 4403 1056 4461 Graecos
1077 4398 1129 4458 luit
1148 4395 1304 4474 impositus.
