3176 5094
220 348 256 419 lx
474 375 478 388 ·
624 381 969 432 rsonscousnn.

222 539 288 602 est.
335 531 407 603 Sed
437 531 579 605 interim
612 535 828 609 Reinesius¹
865 537 1179 633 “Inscriptionum
1219 539 1418 639 Syntsgma

222 659 268 730 sd
325 658 474 730 Gruteri
523 661 813 757 supplementum
827 672 850 696 ''
912 663 1047 760 Lipsiae
1099 677 1136 738 et
1185 655 1418 739 Francofurti

223 811 258 860 n.
284 813 319 860 n.
355 787 462 861 1682.
494 792 666 865 ediderat.
719 795 895 869 Ediderat
929 819 1077 892 qnoque
1110 820 1211 868 suam
1245 796 1416 893 Syllogen
1452 867 1454 871 ,
1504 833 1506 837 ·

223 915 494 1015 inscriptionum
543 922 670 994 eodem
726 923 874 995 consilio
915 947 949 996 n.
984 953 1019 998 n.
1057 935 1165 1012 1700.
1211 922 1417 1018 Raphaeles

222 1046 451 1121 Fabrettus’.
502 1049 765 1147 Inscriptiones
806 1073 895 1148 quas
935 1055 1078 1127 Gudius
1108 1051 1417 1150 collegerat'ipse

222 1175 317 1246 baud
349 1177 471 1262 edidit,
499 1180 563 1250 sed
592 1177 782 1250 Hesselius
817 1180 1156 1268 Leovardiaet731.
1202 1179 1302 1250 Inter
1334 1176 1416 1272 plu·

220 1309 327 1382 rimas
358 1309 507 1382 latinas
529 1310 590 1384 rlx
620 1312 745 1382 decem
775 1311 923 1383 Graecas
957 1314 1010 1404 (ct
1035 1309 1259 1383 cas'nulliur
1290 1307 1415 1402 pretii)

219 1434 409 1538 videmus
435 1435 478 1506 ln
509 1435 738 1510 Praefntionis
769 1446 887 1508 autem
920 1435 1122 1531 appendice
1152 1431 1315 1529 plurimae
1343 1441 1415 1502 ste·

220 1576 373 1639 tunntor
389 1567 544 1648 Graece,
570 1589 591 1637 e
620 1566 751 1660 quibus
774 1567 862 1637 alias
885 1569 1011 1663 (atque
1036 1565 1132 1639 inter
1162 1589 1224 1636 eas
1239 1561 1333 1636 Teia
1354 1561 1415 1635 illa

219 1705 452 1768 monumenta
486 1719 508 1765 a
536 1692 739 1766 Chishullio
771 1693 955 1792 evulgata)
985 1691 1027 1765 C.
1050 1693 1098 1766 A.
1121 1693 1302 1778 Dukerus,
1328 1692 1415 1766 alias

217 1823 386 1896 lustinus
413 1824 459 1895 de
483 1821 698 1918 lloclrepied
717 1821 934 1895 Batavorum
961 1824 1126 1921 Smyrnae
1150 1824 1413 1920 negotiantium

220 1953 369 2042 Consul,
394 1952 481 2025 alias
508 1957 562 2046 (et
586 1951 683 2026 inter
707 1975 768 2024 eas
792 1951 959 2025 Marmor
986 1953 1154 2050 Sigeum)
1181 1952 1414 2024 Hermannus

133 2115 136 2122 ·
219 2087 367 2160 Vander
392 2085 510 2160 Horst
531 2086 677 2161 Batavis
704 2089 869 2185 Smyrnae
892 2113 915 2160 a
941 2090 1051 2162 sacris
1074 2089 1240 2162 Hesselio
1267 2090 1413 2162 dedere.

87 2207 92 2218 ’
220 2216 302 2306 Quo
338 2215 478 2288 incuria
519 2240 604 2290 usus
648 2218 695 2289 sit
742 2215 1057 2304 Venderhorstius,
1080 2203 1144 2292 'ex
1177 2219 1413 2314 inscriptione

218 2345 358 2418 decima
390 2343 474 2417 salis
510 2356 618 2441 patet.
688 2345 825 2417 Eodem
864 2368 961 2417 anno
1005 2341 1119 2418 Donii
1154 2347 1413 2442 Inscriptioues

217 2472 399 2567 Antiquae
433 2471 567 2545 Gorius
603 2472 797 2545 Florentiae
829 2473 949 2545 edidit.
1007 2474 1148 2546 Donius
1180 2475 1413 2550 Florentinus

217 2615 296 2678 erat
322 2604 435 2676 nobili
464 2615 575 2704 gente
602 2605 768 2702 insignis,
797 2605 961 2678 doctrina
990 2607 1179 2704 insignior.
1234 2607 1412 2705 Magnam

216 2735 489 2833 inscriptionum
509 2735 657 2808 molcm⁸
674 2745 914 2821 contraxerat,
934 2736 1287 2831 quamplurimas,
1305 2749 1412 2830 antea

217 2887 324 2963 quam
343 2865 419 2959 ipse
441 2866 549 2935 edere
566 2873 699 2956 posset,
718 2862 900 2958 evulgavit
916 2863 1106 2934 Gruterus.
1150 2863 1280 2936 Tertia
1292 2875 1411 2938 tamen

216 2993 293 3066 fere
311 3019 395 3090 pars
416 2991 530 3064 Donii
552 2989 865 3063 collectaneorum
889 2992 1086 3064 Gruterum
1110 2992 1277 3079 latuerat,
1304 3017 1411 3091 quam

217 3125 354 3198 Goriua
381 3123 556 3197 edendam
586 3121 733 3194 curavit.
784 3121 899 3238 Quam
929 3133 1095 3216 corrupte
1121 3123 1233 3196 multe
1260 3125 1414 3198 ediderit

217 3252 477 3350 epigrammata
496 3275 516 3322 e
534 3247 674 3320 duobus
693 3246 864 3342 exemplis
881 3245 1028 3351 patebit.
1073 3248 1247 3353 Legimus
1275 3248 1313 3322 in
1342 3252 1412 3324 hoc

217 3383 356 3477 opere⁴,

260 3644 268 3674 ¹
291 3643 336 3700 lte
361 3643 393 3700 de
418 3641 546 3701 Reinesio
566 3644 696 3702 lllatleius
710 3648 789 3719 (Art.
841 3645 877 3700 ob
897 3643 1048 3698 immutata
1065 3648 1094 3696 et
1113 3639 1208 3698 addita
1228 3641 1341 3698 arbitrio
1361 3659 1412 3698 suo

220 3733 292 3790 erit.
321 3735 422 3808 Lepid.
449 3735 509 3790 Lib.
525 3753 580 3794 111.
605 3755 630 3792 c.
652 3745 679 3795 4.
706 3741 727 3808 5.
745 3741 790 3814 2.)
842 3741 939 3808 verba,
960 3735 1139 3794 veldemta.”

222 3837 241 3864 ‘⁸
252 3830 322 3886 Arri
335 3829 444 3904 ingenio
457 3831 510 3902 vir,
533 3841 560 3890 et
581 3833 708 3890 lectionis
721 3831 792 3889 mul·
881 3818 892 3847 ¹
915 3830 1032 3888 Caeteris
1055 3827 1262 3886 collectionibus
1290 3801 1452 3884 Fabretti⁴

219 3921 331 3998 tiplicis,
361 3923 456 3980 critico
482 3925 579 3997 etiam,
608 3929 679 4002 quod
706 3928 792 3982 verba
844 3921 978 4000 Syllogen
1005 3933 1139 3998 praestare
1170 3924 1252 3980 docet
1282 3921 1412 3978 Maffeius

220 4025 338 4092 spectat,
365 4019 489 4076 maxime
517 4019 625 4094 pollens
654 4018 791 4096 acumine,
830 4019 914 4092 'quod
939 4017 1048 4092 ¹spuriis
1082 4015 1306 4090 inscriptionibus
1336 4013 1412 4071 baud

220 4109 367 4185 praealtam
380 4109 558 4170 nihilominus
568 4113 725 4188 spuriorum
736 4111 793 4184 epi·
842 4119 956 4166 scateat.
976 4111 1042 4166 Art.
1057 4109 1127 4165 Crit
1141 4109 1211 4181 Lap.
1226 4125 1282 4165 111.
1296 4111 1325 4163 4.
1337 4111 1366 4164 4.

222 4211 412 4280 grammatum
427 4217 530 4264 struem
543 4205 691 4276 congessit.
714 4203 790 4272 Quin
882 4200 1009 4257 'Gorius
1036 4201 1065 4257 in
1094 4199 1259 4256 Proelstionc
1287 4197 1412 4254 Donium

222 4299 297 4356 hnud
318 4299 503 4375 infrequenter
523 4303 550 4358 in
576 4297 701 4374 genuinis
725 4297 791 4371 ipsis
842 4295 924 4354 6000
937 4297 1130 4374 inscriptiones
1144 4298 1289 4378 collegisse
1302 4297 1379 4356 dicit.

221 4396 257 4451 sb
280 4395 332 4450 boc
347 4404 458 4452 auctore
472 4395 605 4453 exhibitis
631 4394 707 4450 labat
724 4391 792 4449 fides
825 4417 828 4424 ·
883 4392 1129 4468 ⁴Don.·lnscript.
1150 4415 1178 4468 p.
1198 4399 1296 4454 150..
