3158 5104
171 360 285 428 Non.
312 359 414 436 xit]

492 826 643 918 Conse.
672 832 742 916 11.»
792 835 915 968 Nun.
941 837 1039 919 XX.

352 1053 776 1184 inscmrmonns
808 1097 1207 1184 meorumnam.

588 1351 682 1409 TAB.
703 1351 790 1408 ΧΙΠ.
831 1355 902 1410 Fto.
926 1353 966 1412 Hs

718 1587 848 1637 -φ-

251 1831 287 1904 l,
312 1831 346 1889 2.
377 1815 554 1904 Lerna
587 1837 703 1925 prope
734 1809 906 1902 Hermam
953 1823 1106 1904 Boeotiae
1149 1829 1267 1905 vicum
1312 1834 1377 1906 has

164 1957 427 2056 inscriptiones
469 1959 613 2056 reperit.
681 1952 823 2031 Forma
867 1957 1012 2053 quidem
1055 1959 1237 2033 literarum
1280 1962 1376 2035 anti·

167 2089 373 2186 quissimae,
398 2099 437 2162 at
464 2089 588 2163 nescio
616 2088 723 2185 plone
752 2088 839 2187 quid
867 2089 1098 2162 statuendum
1127 2063 1173 2163 de
1204 2091 1294 2164 mira
1316 2093 1376 2166 iila

165 2223 373 2296 mutatione
404 2223 716 2320 diphthongorum
750 2229 800 2295 AI
835 2229 874 2294 et
899 2227 951 2294 01
986 2221 1024 2293 in
1056 2229 1117 2295 ΑΕ
1150 2233 1187 2296 ct
1220 2231 1295 2298 ΟΕ,
1336 2226 1376 2298 Si

165 2355 273 2451 prior
293 2378 361 2452 per
381 2377 461 2428 seso
483 2353 765 2453 conspiceretur,
783 2353 1021 2428 [otinismum
1050 2355 1157 2452 plane
1183 2347 1374 2444 redoleret,

167 2488 232 2561 cui
260 2497 382 2562 temen
410 2487 601 2562 sententia
624 2486 804 2585 posterior
831 2485 895 2560 illa
922 2494 985 2561 OE
1009 2488 1156 2561 minime
1182 2488 1289 2562 iavet.
1331 2489 1373 2561 ln

166 2620 275 2697 libris
306 2623 452 2719 quidem
480 2621 571 2695 nihil
599 2621 719 2730 reperi
752 2623 850 2720 quod
882 2621 967 2695 huic
993 2623 1045 2696 rei
1074 2623 1231 2722 aliquam
1258 2623 1374 2697 lucem

170 2755 365 2830 offundere
390 2765 510 2854 queat.
564 2753 780 2830 Notandum
809 2765 866 2829 est
892 2755 1069 2830 Leakium
1101 2760 1295 2832 secundam
1319 2761 1375 2834 in-

169 2882 408 2979 scriptionem
435 2908 458 2956 a
488 2881 666 2983 Tanagra
696 2883 870 2957 Hermam
906 2883 1100 2984 aliquando
1125 2887 1266 2959 alinum
1298 2911 1376 2960 esse

169 3027 313 3112 putere,
335 3040 416 3090 cum
444 3016 494 3089 ibi
519 3017 736 3113 templume
761 3041 939 3091 marmore
965 3018 1127 3117 ejusdem
1155 3019 1304 3117 generis
1332 3045 1374 3092 ac

169 3149 267 3224 iliius
310 3149 348 3223 in
392 3175 465 3250 quo
511 3152 591 3225 haec
638 3151 852 3252 Epigraphe
896 3151 1010 3226 incisa
1054 3162 1112 3225 est
1156 3153 1373 3229 aediticatum

173 3280 322 3354 viderit.

248 3426 286 3488 3.
313 3411 471 3518 ieakius
493 3437 681 3512 nunquam
709 3412 781 3486 nisi
805 3414 842 3486 in
872 3415 942 3487 hoc
966 3413 1088 3512 lapide
1112 3419 1238 3514 (quem
1262 3441 1375 3515 prope

170 3549 385 3649 Tanagram
412 3551 569 3649 reperit)
597 3551 791 3648 aspiratam
818 3550 858 3623 in
885 3551 1033 3626 Boeotia
1058 3553 1274 3628 observavit.

248 3693 285 3751 4.
328 3679 371 3752 ln
412 3680 481 3752 hac
524 3680 761 3776 inscriptione
804 3681 929 3778 (qoam
974 3680 1071 3754 inter
1113 3680 1295 3778 Thespias
1341 3695 1377 3754 et

162 3811 344 3888 'Thisben
367 3811 528 3888 [eckius
550 3811 757 3909 exscripsit)
782 3811 935 3885 eandem
954 3819 1016 3885 τοῦ
1043 3813 1241 3911 xiormam
1266 3839 1309 3890 ac
1336 3815 1373 3888 io

171 3945 398 4041 praecedenti
414 3946 589 4020 videmus.

249 4094 285 4168 o,
316 4078 352 4154 6.
388 4079 440 4152 in
475 4079 602 4153 eodem
639 4079 719 4154 loco
761 4102 835 4176 quo
878 4077 1145 4176 procedentem
1183 4081 1278 4156 idem
1325 4082 1378 4154 vir

172 4212 301 4286 doctus
327 4210 529 4307 exscripsit.
581 4209 624 4283 ln
653 4211 714 4284 illa
740 4211 898 4284 notanda
928 4210 1042 4286 iiterae
1072 4219 1101 4284 Σ
1131 4213 1375 4309 reduplicatio‚

172 4345 210 4418 in
242 4347 312 4420 hac
333 4319 460 4420 ‘formo
489 4344 663 4420 elementi
695 4351 722 4436 1,
758 4369 857 4444 quae,
879 4367 961 4417 curn
994 4368 1171 4443 nusquam
1200 4358 1376 4442 praterea

174 4486 354 4567 occurrat,
378 4485 444 4579 out
470 4472 569 4550 casui
594 4485 658 4548 aut
682 4473 920 4568 festinationi,
939 4477 1061 4572 credo,
1090 4475 1282 4548 tribuenda
1308 4491 1374 4550 est.
