<?xml version="1.0" encoding="UTF-8"?>
<!DOCTYPE html PUBLIC "-//W3C//DTD XHTML 1.0 Transitional//EN"
    "http://www.w3.org/TR/xhtml1/DTD/xhtml1-transitional.dtd">
<html xmlns="http://www.w3.org/1999/xhtml" xml:lang="en" lang="en">
 <head>
  <title>
</title>
<meta http-equiv="Content-Type" content="text/html;charset=utf-8" />
  <meta name='ocr-system' content='tesseract 3.04.00' />
  <meta name='ocr-capabilities' content='ocr_page ocr_carea ocr_par ocr_line ocrx_word'/>
</head>
<body>
  <div class='ocr_page' id='page_1' title='image "./inscriptionesgr00rosegoog_0031.png"; bbox 0 0 3176 5094; ppageno 0'>
   <div class='ocr_carea' id='block_1_1' title="bbox 202 383 976 450">
    <p class='ocr_par' dir='ltr' id='par_1_1' title="bbox 202 383 976 450">
     <span class='ocr_line' id='line_1_1' title="bbox 202 383 976 450; baseline -0.006 0"><span class='ocrx_word' id='word_1_1' title='bbox 202 401 224 450; x_wconf 83' lang='lat' dir='ltr'>x</span> <span class='ocrx_word' id='word_1_2' title='bbox 630 383 976 448; x_wconf 81' lang='lat' dir='ltr'><strong>r&#39;noaaeonani.</strong></span> 
     </span>
    </p>
   </div>
   <div class='ocr_carea' id='block_1_2' title="bbox 167 535 1420 3254">
    <p class='ocr_par' dir='ltr' id='par_1_2' title="bbox 167 535 1420 3254">
     <span class='ocr_line' id='line_1_2' title="bbox 209 535 1412 646; baseline -0.003 -22"><span class='ocrx_word' id='word_1_3' title='bbox 209 551 424 625; x_wconf 89' lang='lat' dir='ltr'><strong>sententiam</strong></span> <span class='ocrx_word' id='word_1_4' title='bbox 452 561 600 624; x_wconf 87' lang='lat' dir='ltr'><strong>tuentur</strong></span> <span class='ocrx_word' id='word_1_5' title='bbox 617 575 730 646; x_wconf 88' lang='lat' dir='ltr'><strong>quare</strong></span> <span class='ocrx_word' id='word_1_6' title='bbox 757 569 833 624; x_wconf 83' lang='lat' dir='ltr'><strong>rem</strong></span> <span class='ocrx_word' id='word_1_7' title='bbox 862 553 913 624; x_wconf 86' lang='lat' dir='ltr'><strong>ita</strong></span> <span class='ocrx_word' id='word_1_8' title='bbox 939 577 978 625; x_wconf 88' lang='lat' dir='ltr'><strong>se</strong></span> <span class='ocrx_word' id='word_1_9' title='bbox 1001 535 1137 625; x_wconf 81' lang='lat' dir='ltr'><strong>habere</strong></span> <span class='ocrx_word' id='word_1_10' title='bbox 1155 550 1412 636; x_wconf 79' lang='lat' dir='ltr'><strong>concedamus,</strong></span> 
     </span>
     <span class='ocr_line' id='line_1_3' title="bbox 211 680 1420 777; baseline -0.004 -24"><span class='ocrx_word' id='word_1_11' title='bbox 211 680 279 753; x_wconf 90' lang='lat' dir='ltr'><strong>nisi</strong></span> <span class='ocrx_word' id='word_1_12' title='bbox 303 681 401 774; x_wconf 94' lang='lat' dir='ltr'><strong>quod</strong></span> <span class='ocrx_word' id='word_1_13' title='bbox 425 681 570 777; x_wconf 77' lang='lat' dir='ltr'>Pelasgi</span> <span class='ocrx_word' id='word_1_14' title='bbox 592 683 846 765; x_wconf 79' lang='grc' dir='ltr'>πολυπλάνητοι</span> <span class='ocrx_word' id='word_1_15' title='bbox 866 682 1176 768; x_wconf 67' lang='lat' dir='ltr'><strong>fuisse&#39;dicantur‘,</strong></span> <span class='ocrx_word' id='word_1_16' title='bbox 1200 688 1420 770; x_wconf 83' lang='lat' dir='ltr'><strong>vexantem</strong></span> 
     </span>
     <span class='ocr_line' id='line_1_4' title="bbox 213 811 1412 912; baseline -0.008 -25"><span class='ocrx_word' id='word_1_17' title='bbox 213 815 353 912; x_wconf 84' lang='lat' dir='ltr'><strong>Phaleg</strong></span> <span class='ocrx_word' id='word_1_18' title='bbox 386 811 600 884; x_wconf 79' lang='lat' dir='ltr'><strong>divisionem</strong></span> <span class='ocrx_word' id='word_1_19' title='bbox 638 823 752 885; x_wconf 87' lang='lat' dir='ltr'><strong>sonet.</strong></span> <span class='ocrx_word' id='word_1_20' title='bbox 807 812 900 902; x_wconf 85' lang='lat' dir='ltr'><strong>Quis</strong></span> <span class='ocrx_word' id='word_1_21' title='bbox 932 824 1052 885; x_wconf 89' lang='lat' dir='ltr'><strong>autem</strong></span> <span class='ocrx_word' id='word_1_22' title='bbox 1096 813 1290 908; x_wconf 78' lang='lat' dir='ltr'><strong>propterea</strong></span> <span class='ocrx_word' id='word_1_23' title='bbox 1325 831 1412 879; x_wconf 90' lang='lat' dir='ltr'><strong>sana</strong></span> 
     </span>
     <span class='ocr_line' id='line_1_5' title="bbox 213 937 1411 1040; baseline -0.002 -28"><span class='ocrx_word' id='word_1_24' title='bbox 213 951 332 1014; x_wconf 88' lang='lat' dir='ltr'><strong>mente</strong></span> <span class='ocrx_word' id='word_1_25' title='bbox 362 941 532 1035; x_wconf 72' lang='lat' dir='ltr'><strong>praeditus</strong></span> <span class='ocrx_word' id='word_1_26' title='bbox 568 948 591 980; x_wconf 92' lang='lat'><strong>“</strong></span> <span class='ocrx_word' id='word_1_27' title='bbox 607 941 803 1040; x_wconf 83' lang='lat' dir='ltr'><strong>Pelasgos¹</strong></span> <span class='ocrx_word' id='word_1_28' title='bbox 839 965 861 1012; x_wconf 94' lang='lat' dir='ltr'><strong>a</strong></span> <span class='ocrx_word' id='word_1_29' title='bbox 896 941 1047 1037; x_wconf 83' lang='lat' dir='ltr'><strong>Pholeg</strong></span> <span class='ocrx_word' id='word_1_30' title='bbox 1081 953 1119 1014; x_wconf 88' lang='lat' dir='ltr'><strong>et</strong></span> <span class='ocrx_word' id='word_1_31' title='bbox 1151 943 1300 1014; x_wconf 83' lang='lat' dir='ltr'><strong>Graecos</strong></span> <span class='ocrx_word' id='word_1_32' title='bbox 1337 937 1411 1010; x_wconf 81' lang='lat' dir='ltr'><strong>sire</strong></span> 
     </span>
     <span class='ocr_line' id='line_1_6' title="bbox 214 1069 1412 1170; baseline -0.005 -24"><span class='ocrx_word' id='word_1_33' title='bbox 214 1074 347 1170; x_wconf 73' lang='grc' dir='ltr'>Γραιοῠς</span> <span class='ocrx_word' id='word_1_34' title='bbox 377 1099 399 1145; x_wconf 88' lang='lat' dir='ltr'><strong>a</strong></span> <span class='ocrx_word' id='word_1_35' title='bbox 443 1069 604 1168; x_wconf 75' lang='lat' dir='ltr'><strong>Rhagai·</strong></span> <span class='ocrx_word' id='word_1_36' title='bbox 644 1073 760 1145; x_wconf 88' lang='lat' dir='ltr'><strong>dictos</strong></span> <span class='ocrx_word' id='word_1_37' title='bbox 803 1097 882 1146; x_wconf 88' lang='lat' dir='ltr'><strong>esse</strong></span> <span class='ocrx_word' id='word_1_38' title='bbox 924 1083 1063 1145; x_wconf 85' lang='lat' dir='ltr'><strong>certam</strong></span> <span class='ocrx_word' id='word_1_39' title='bbox 1091 1074 1212 1169; x_wconf 82' lang='lat' dir='ltr'><strong>fidem</strong></span> <span class='ocrx_word' id='word_1_40' title='bbox 1253 1095 1333 1145; x_wconf 85' lang='lat' dir='ltr'><strong>essa</strong></span> <span class='ocrx_word' id='word_1_41' title='bbox 1367 1093 1412 1141; x_wconf 76' lang='lat' dir='ltr'><strong>ea</strong></span> 
     </span>
     <span class='ocr_line' id='line_1_7' title="bbox 210 1197 1410 1299; baseline -0.003 -25"><span class='ocrx_word' id='word_1_42' title='bbox 210 1201 367 1275; x_wconf 79' lang='lat' dir='ltr'><strong>nominis</strong></span> <span class='ocrx_word' id='word_1_43' title='bbox 384 1203 516 1275; x_wconf 82' lang='lat' dir='ltr'><strong>indicio</strong></span> <span class='ocrx_word' id='word_1_44' title='bbox 536 1214 573 1275; x_wconf 89' lang='lat' dir='ltr'><strong>et</strong></span> <span class='ocrx_word' id='word_1_45' title='bbox 591 1227 630 1275; x_wconf 92' lang='lat' dir='ltr'><strong>re</strong></span> <span class='ocrx_word' id='word_1_46' title='bbox 649 1206 748 1299; x_wconf 89' lang='lat' dir='ltr'><strong>ipsa”</strong></span> <span class='ocrx_word' id='word_1_47' title='bbox 768 1201 1031 1275; x_wconf 76' lang='lat' dir='ltr'><strong>contenderet?</strong></span> <span class='ocrx_word' id='word_1_48' title='bbox 1068 1211 1093 1240; x_wconf 88' lang='lat'><em>“</em></span> <span class='ocrx_word' id='word_1_49' title='bbox 1106 1197 1410 1298; x_wconf 69' lang='lat' dir='ltr'><strong>Aliquid⁹‚Grae&#39;-</strong></span> 
     </span>
     <span class='ocr_line' id='line_1_8' title="bbox 210 1332 1409 1433; baseline -0.002 -29"><span class='ocrx_word' id='word_1_50' title='bbox 210 1355 272 1404; x_wconf 92' lang='lat' dir='ltr'><strong>cos</strong></span> <span class='ocrx_word' id='word_1_51' title='bbox 289 1333 505 1407; x_wconf 83' lang='lat' dir='ltr'><strong>inaudivisse</strong></span> <span class='ocrx_word' id='word_1_52' title='bbox 522 1335 568 1405; x_wconf 89' lang='lat' dir='ltr'><strong>de</strong></span> <span class='ocrx_word' id='word_1_53' title='bbox 591 1333 737 1405; x_wconf 90' lang='lat' dir='ltr'><strong>Noachi</strong></span> <span class='ocrx_word' id='word_1_54' title='bbox 756 1334 975 1433; x_wconf 86' lang='lat' dir='ltr'><strong>cataclysmo</strong></span> <span class='ocrx_word' id='word_1_55' title='bbox 996 1332 1099 1429; x_wconf 88' lang='lat' dir='ltr'><strong>quasi</strong></span> <span class='ocrx_word' id='word_1_56' title='bbox 1118 1357 1185 1429; x_wconf 89' lang='lat' dir='ltr'><strong>per</strong></span> <span class='ocrx_word' id='word_1_57' title='bbox 1202 1332 1409 1430; x_wconf 86' lang='lat' dir='ltr'><strong>caliginem,</strong></span> 
     </span>
     <span class='ocr_line' id='line_1_9' title="bbox 211 1465 1410 1558; baseline -0.003 -24"><span class='ocrx_word' id='word_1_58' title='bbox 211 1473 322 1558; x_wconf 91' lang='lat' dir='ltr'><strong>atque</strong></span> <span class='ocrx_word' id='word_1_59' title='bbox 351 1467 559 1558; x_wconf 89' lang='lat' dir='ltr'><strong>(uteorum</strong></span> <span class='ocrx_word' id='word_1_60' title='bbox 591 1488 666 1535; x_wconf 91' lang='lat' dir='ltr'><strong>mos</strong></span> <span class='ocrx_word' id='word_1_61' title='bbox 690 1476 768 1535; x_wconf 90' lang='lat' dir='ltr'><strong>erat</strong></span> <span class='ocrx_word' id='word_1_62' title='bbox 797 1465 920 1537; x_wconf 90' lang='lat' dir='ltr'><strong>omnia</strong></span> <span class='ocrx_word' id='word_1_63' title='bbox 948 1465 994 1536; x_wconf 90' lang='lat' dir='ltr'><strong>ad</strong></span> <span class='ocrx_word' id='word_1_64' title='bbox 1022 1488 1062 1536; x_wconf 87' lang='lat' dir='ltr'><strong>se</strong></span> <span class='ocrx_word' id='word_1_65' title='bbox 1091 1484 1219 1557; x_wconf 89' lang='lat' dir='ltr'><strong>rapere</strong></span> <span class='ocrx_word' id='word_1_66' title='bbox 1245 1484 1322 1555; x_wconf 75' lang='lat' dir='ltr'><strong>pras</strong></span> <span class='ocrx_word' id='word_1_67' title='bbox 1348 1473 1410 1532; x_wconf 83' lang='lat' dir='ltr'><strong>v&#39;a·</strong></span> 
     </span>
     <span class='ocr_line' id='line_1_10' title="bbox 211 1589 1410 1693; baseline -0.005 -27"><span class='ocrx_word' id='word_1_68' title='bbox 211 1594 323 1666; x_wconf 88' lang='lat' dir='ltr'><strong>nitate</strong></span> <span class='ocrx_word' id='word_1_69' title='bbox 341 1605 378 1665; x_wconf 93' lang='lat' dir='ltr'><strong>et</strong></span> <span class='ocrx_word' id='word_1_70' title='bbox 390 1593 490 1667; x_wconf 91' lang='lat' dir='ltr'><strong>inani</strong></span> <span class='ocrx_word' id='word_1_71' title='bbox 509 1594 625 1693; x_wconf 84' lang='lat' dir='ltr'><strong>gloria</strong></span> <span class='ocrx_word' id='word_1_72' title='bbox 643 1615 727 1690; x_wconf 78' lang='lat' dir='ltr'><strong>quoe</strong></span> <span class='ocrx_word' id='word_1_73' title='bbox 743 1595 892 1666; x_wconf 89' lang='lat' dir='ltr'><strong>aliorum</strong></span> <span class='ocrx_word' id='word_1_74' title='bbox 912 1599 1049 1686; x_wconf 82' lang='lat' dir='ltr'><strong>essent)</strong></span> <span class='ocrx_word' id='word_1_75' title='bbox 1069 1593 1167 1690; x_wconf 86' lang='lat' dir='ltr'><strong>quod</strong></span> <span class='ocrx_word' id='word_1_76' title='bbox 1185 1592 1231 1662; x_wconf 89' lang='lat' dir='ltr'><strong>de</strong></span> <span class='ocrx_word' id='word_1_77' title='bbox 1250 1589 1410 1662; x_wconf 86' lang='lat' dir='ltr'><strong>Noacho</strong></span> 
     </span>
     <span class='ocr_line' id='line_1_11' title="bbox 210 1724 1410 1811; baseline -0.007 -12"><span class='ocrx_word' id='word_1_78' title='bbox 210 1750 294 1800; x_wconf 87' lang='lat' dir='ltr'><strong>vera</strong></span> <span class='ocrx_word' id='word_1_79' title='bbox 311 1737 348 1799; x_wconf 92' lang='lat' dir='ltr'><strong>et</strong></span> <span class='ocrx_word' id='word_1_80' title='bbox 365 1750 467 1799; x_wconf 88' lang='lat' dir='ltr'><strong>sacra</strong></span> <span class='ocrx_word' id='word_1_81' title='bbox 484 1724 629 1798; x_wconf 83' lang='lat' dir='ltr'><strong>tradidit</strong></span> <span class='ocrx_word' id='word_1_82' title='bbox 646 1725 808 1811; x_wconf 86' lang='lat' dir='ltr'><strong>historia,</strong></span> <span class='ocrx_word' id='word_1_83' title='bbox 831 1728 876 1797; x_wconf 88' lang='lat' dir='ltr'><strong>de</strong></span> <span class='ocrx_word' id='word_1_84' title='bbox 893 1749 960 1796; x_wconf 89' lang='lat' dir='ltr'><strong>suo</strong></span> <span class='ocrx_word' id='word_1_85' title='bbox 978 1725 1173 1796; x_wconf 85' lang='lat' dir='ltr'><strong>Phoroneo</strong></span> <span class='ocrx_word' id='word_1_86' title='bbox 1191 1742 1410 1795; x_wconf 77' lang='lat' dir='ltr'><strong>memorasse</strong></span> 
     </span>
     <span class='ocr_line' id='line_1_12' title="bbox 210 1853 1409 1953; baseline -0.005 -25"><span class='ocrx_word' id='word_1_87' title='bbox 210 1856 509 1951; x_wconf 88' lang='lat' dir='ltr'><strong>Peloponnesios,</strong></span> <span class='ocrx_word' id='word_1_88' title='bbox 528 1856 573 1926; x_wconf 90' lang='lat' dir='ltr'><strong>de</strong></span> <span class='ocrx_word' id='word_1_89' title='bbox 589 1879 655 1926; x_wconf 92' lang='lat' dir='ltr'><strong>suo</strong></span> <span class='ocrx_word' id='word_1_90' title='bbox 671 1855 896 1927; x_wconf 86' lang='lat' dir='ltr'><strong>Deucalione</strong></span> <span class='ocrx_word' id='word_1_91' title='bbox 907 1855 1108 1953; x_wconf 84' lang='lat' dir='ltr'><strong>Pelasgos¹’</strong></span> <span class='ocrx_word' id='word_1_92' title='bbox 1124 1853 1271 1924; x_wconf 78' lang='lat' dir='ltr'><strong>minime</strong></span> <span class='ocrx_word' id='word_1_93' title='bbox 1287 1875 1308 1922; x_wconf 93' lang='lat' dir='ltr'><strong>a</strong></span> <span class='ocrx_word' id='word_1_94' title='bbox 1323 1875 1409 1923; x_wconf 89' lang='lat' dir='ltr'><strong>vero</strong></span> 
     </span>
     <span class='ocr_line' id='line_1_13' title="bbox 209 1982 1410 2080; baseline -0.005 -20"><span class='ocrx_word' id='word_1_95' title='bbox 209 1988 366 2061; x_wconf 91' lang='lat' dir='ltr'><strong>alienum</strong></span> <span class='ocrx_word' id='word_1_96' title='bbox 389 1999 453 2060; x_wconf 92' lang='lat' dir='ltr'><strong>est.</strong></span> <span class='ocrx_word' id='word_1_97' title='bbox 508 1985 599 2075; x_wconf 84' lang='lat' dir='ltr'><strong>Quis</strong></span> <span class='ocrx_word' id='word_1_98' title='bbox 623 1999 744 2057; x_wconf 86' lang='lat' dir='ltr'><strong>autem</strong></span> <span class='ocrx_word' id='word_1_99' title='bbox 770 1995 960 2080; x_wconf 88' lang='lat' dir='ltr'><strong>propterea</strong></span> <span class='ocrx_word' id='word_1_100' title='bbox 977 1985 1146 2056; x_wconf 87' lang='lat' dir='ltr'><strong>crederet</strong></span> <span class='ocrx_word' id='word_1_101' title='bbox 1166 1985 1270 2055; x_wconf 90' lang='lat' dir='ltr'><strong>aliam</strong></span> <span class='ocrx_word' id='word_1_102' title='bbox 1296 1982 1410 2054; x_wconf 85' lang='lat' dir='ltr'><strong>fuisse</strong></span> 
     </span>
     <span class='ocr_line' id='line_1_14' title="bbox 209 2113 1408 2212; baseline -0.003 -24"><span class='ocrx_word' id='word_1_103' title='bbox 209 2115 488 2212; x_wconf 80' lang='lat' dir='ltr'><strong>cataclysmum³</strong></span> <span class='ocrx_word' id='word_1_104' title='bbox 520 2139 603 2212; x_wconf 83' lang='lat' dir='ltr'><strong>quae</strong></span> <span class='ocrx_word' id='word_1_105' title='bbox 634 2115 809 2211; x_wconf 86' lang='lat' dir='ltr'><strong>Pelasgos</strong></span> <span class='ocrx_word' id='word_1_106' title='bbox 840 2139 968 2187; x_wconf 89' lang='lat' dir='ltr'><strong>omnes</strong></span> <span class='ocrx_word' id='word_1_107' title='bbox 996 2114 1031 2186; x_wconf 90' lang='lat' dir='ltr'><strong>in</strong></span> <span class='ocrx_word' id='word_1_108' title='bbox 1063 2113 1319 2208; x_wconf 85' lang='lat' dir='ltr'><strong>Peloponneso</strong></span> <span class='ocrx_word' id='word_1_109' title='bbox 1347 2115 1408 2185; x_wconf 88' lang='lat' dir='ltr'><strong>de·</strong></span> 
     </span>
     <span class='ocr_line' id='line_1_15' title="bbox 207 2243 1409 2345; baseline -0.001 -26"><span class='ocrx_word' id='word_1_110' title='bbox 207 2257 338 2345; x_wconf 84' lang='lat' dir='ltr'><strong>gentes</strong></span> <span class='ocrx_word' id='word_1_111' title='bbox 370 2243 558 2320; x_wconf 86' lang='lat' dir='ltr'><strong>obruerit?</strong></span> <span class='ocrx_word' id='word_1_112' title='bbox 597 2245 691 2335; x_wconf 80' lang='lat' dir='ltr'><strong>Quis</strong></span> <span class='ocrx_word' id='word_1_113' title='bbox 721 2257 912 2341; x_wconf 85' lang='lat' dir='ltr'><strong>propterea</strong></span> <span class='ocrx_word' id='word_1_114' title='bbox 945 2245 1155 2340; x_wconf 88' lang='lat' dir='ltr'><strong>Apollodori</strong></span> <span class='ocrx_word' id='word_1_115' title='bbox 1189 2245 1332 2317; x_wconf 74' lang='lat' dir='ltr'><strong>fabulas</strong></span> <span class='ocrx_word' id='word_1_116' title='bbox 1362 2246 1409 2318; x_wconf 88' lang='lat' dir='ltr'><strong>de</strong></span> 
     </span>
     <span class='ocr_line' id='line_1_16' title="bbox 208 2375 1409 2472; baseline -0.002 -22"><span class='ocrx_word' id='word_1_117' title='bbox 208 2401 293 2450; x_wconf 87' lang='lat' dir='ltr'><strong>arca</strong></span> <span class='ocrx_word' id='word_1_118' title='bbox 325 2375 561 2450; x_wconf 87' lang='lat' dir='ltr'><strong>Deucalionis</strong></span> <span class='ocrx_word' id='word_1_119' title='bbox 592 2378 728 2449; x_wconf 87' lang='lat' dir='ltr'><strong>seriore</strong></span> <span class='ocrx_word' id='word_1_120' title='bbox 756 2388 862 2448; x_wconf 83' lang='lat' dir='ltr'><strong>aetate</strong></span> <span class='ocrx_word' id='word_1_121' title='bbox 888 2378 1061 2448; x_wconf 85' lang='lat' dir='ltr'><strong>confictas</strong></span> <span class='ocrx_word' id='word_1_122' title='bbox 1088 2387 1135 2462; x_wconf 92' lang='lat' dir='ltr'><strong>et,</strong></span> <span class='ocrx_word' id='word_1_123' title='bbox 1168 2377 1288 2472; x_wconf 91' lang='lat' dir='ltr'><strong>quoad</strong></span> <span class='ocrx_word' id='word_1_124' title='bbox 1322 2399 1409 2448; x_wconf 92' lang='lat' dir='ltr'><strong>con·</strong></span> 
     </span>
     <span class='ocr_line' id='line_1_17' title="bbox 202 2507 1409 2606; baseline 0 -27"><span class='ocrx_word' id='word_1_125' title='bbox 202 2509 347 2606; x_wconf 83' lang='lat' dir='ltr'><strong>jectum</strong></span> <span class='ocrx_word' id='word_1_126' title='bbox 374 2507 547 2604; x_wconf 83' lang='lat' dir='ltr'><strong>augurari</strong></span> <span class='ocrx_word' id='word_1_127' title='bbox 577 2507 697 2588; x_wconf 87' lang='lat' dir='ltr'><strong>liceat,</strong></span> <span class='ocrx_word' id='word_1_128' title='bbox 729 2531 751 2576; x_wconf 91' lang='lat' dir='ltr'><strong>a</strong></span> <span class='ocrx_word' id='word_1_129' title='bbox 780 2523 864 2579; x_wconf 84' lang='lat' dir='ltr'><strong>vera</strong></span> <span class='ocrx_word' id='word_1_130' title='bbox 892 2507 1038 2578; x_wconf 89' lang='lat' dir='ltr'><strong>historia</strong></span> <span class='ocrx_word' id='word_1_131' title='bbox 1067 2509 1310 2602; x_wconf 88' lang='lat' dir='ltr'><strong>depromptas,</strong></span> <span class='ocrx_word' id='word_1_132' title='bbox 1340 2531 1409 2602; x_wconf 85' lang='lat' dir='ltr'><strong>pro</strong></span> 
     </span>
     <span class='ocr_line' id='line_1_18' title="bbox 208 2633 1412 2733; baseline -0.001 -24"><span class='ocrx_word' id='word_1_133' title='bbox 208 2639 369 2733; x_wconf 77' lang='lat' dir='ltr'><strong>antiquae</strong></span> <span class='ocrx_word' id='word_1_134' title='bbox 395 2635 551 2709; x_wconf 85' lang='lat' dir='ltr'><strong>Graeciae</strong></span> <span class='ocrx_word' id='word_1_135' title='bbox 574 2636 825 2707; x_wconf 89' lang='lat' dir='ltr'><strong>monumentis</strong></span> <span class='ocrx_word' id='word_1_136' title='bbox 858 2633 1088 2706; x_wconf 79' lang='lat' dir='ltr'><strong>venditaret?</strong></span> <span class='ocrx_word' id='word_1_137' title='bbox 1137 2636 1219 2708; x_wconf 89' lang='lat' dir='ltr'><strong>Hoc</strong></span> <span class='ocrx_word' id='word_1_138' title='bbox 1250 2661 1323 2708; x_wconf 93' lang='lat' dir='ltr'><strong>non</strong></span> <span class='ocrx_word' id='word_1_139' title='bbox 1353 2648 1412 2708; x_wconf 90' lang='lat' dir='ltr'><strong>est</strong></span> 
     </span>
     <span class='ocr_line' id='line_1_19' title="bbox 207 2763 1410 2857; baseline -0.002 -17"><span class='ocrx_word' id='word_1_140' title='bbox 207 2763 403 2840; x_wconf 82' lang='lat' dir='ltr'><strong>historiam&#39;</strong></span> <span class='ocrx_word' id='word_1_141' title='bbox 419 2764 579 2836; x_wconf 90' lang='lat' dir='ltr'><strong>scribere</strong></span> <span class='ocrx_word' id='word_1_142' title='bbox 606 2764 669 2836; x_wconf 87' lang='lat' dir='ltr'><strong>sed</strong></span> <span class='ocrx_word' id='word_1_143' title='bbox 698 2765 870 2836; x_wconf 89' lang='lat' dir='ltr'><strong>lectorum</strong></span> <span class='ocrx_word' id='word_1_144' title='bbox 897 2763 1074 2857; x_wconf 85' lang='lat' dir='ltr'><strong>patientia</strong></span> <span class='ocrx_word' id='word_1_145' title='bbox 1096 2767 1208 2838; x_wconf 90' lang='lat' dir='ltr'><strong>abuti.</strong></span> <span class='ocrx_word' id='word_1_146' title='bbox 1261 2767 1410 2856; x_wconf 87' lang='lat' dir='ltr'><strong>Quanto</strong></span> 
     </span>
     <span class='ocr_line' id='line_1_20' title="bbox 167 2893 1410 2992; baseline -0.002 -20"><span class='ocrx_word' id='word_1_147' title='bbox 167 2941 171 2950; x_wconf 93' lang='lat'>·</span> <span class='ocrx_word' id='word_1_148' title='bbox 211 2898 337 2972; x_wconf 90' lang='lat' dir='ltr'><strong>melius</strong></span> <span class='ocrx_word' id='word_1_149' title='bbox 354 2897 469 2992; x_wconf 88' lang='lat' dir='ltr'><strong>palam</strong></span> <span class='ocrx_word' id='word_1_150' title='bbox 488 2896 742 2992; x_wconf 87' lang='lat' dir='ltr'><strong>profiteremur</strong></span> <span class='ocrx_word' id='word_1_151' title='bbox 759 2893 846 2964; x_wconf 90' lang='lat' dir='ltr'><strong>nihil</strong></span> <span class='ocrx_word' id='word_1_152' title='bbox 865 2895 954 2966; x_wconf 90' lang='lat' dir='ltr'><strong>certi</strong></span> <span class='ocrx_word' id='word_1_153' title='bbox 973 2897 1127 2990; x_wconf 88' lang='lat' dir='ltr'><strong>proferri</strong></span> <span class='ocrx_word' id='word_1_154' title='bbox 1145 2921 1262 2992; x_wconf 86' lang='lat' dir='ltr'><strong>posse,</strong></span> <span class='ocrx_word' id='word_1_155' title='bbox 1283 2907 1317 2971; x_wconf 89' lang='lat' dir='ltr'><strong>et</strong></span> <span class='ocrx_word' id='word_1_156' title='bbox 1331 2897 1410 2970; x_wconf 90' lang='lat' dir='ltr'><strong>lon·</strong></span> 
     </span>
     <span class='ocr_line' id='line_1_21' title="bbox 209 3023 1410 3131; baseline -0.003 -28"><span class='ocrx_word' id='word_1_157' title='bbox 209 3031 357 3131; x_wconf 84' lang='lat' dir='ltr'><strong>ginquae</strong></span> <span class='ocrx_word' id='word_1_158' title='bbox 375 3024 564 3100; x_wconf 86' lang='lat' dir='ltr'><strong>vetustatis</strong></span> <span class='ocrx_word' id='word_1_159' title='bbox 583 3023 768 3096; x_wconf 86' lang='lat' dir='ltr'><strong>historiam</strong></span> <span class='ocrx_word' id='word_1_160' title='bbox 786 3024 893 3119; x_wconf 88' lang='lat' dir='ltr'><strong>plane</strong></span> <span class='ocrx_word' id='word_1_161' title='bbox 912 3025 1095 3097; x_wconf 86' lang='lat' dir='ltr'><strong>caecutire.</strong></span> <span class='ocrx_word' id='word_1_162' title='bbox 1126 3026 1282 3098; x_wconf 82' lang='lat' dir='ltr'><strong>Caecutit</strong></span> <span class='ocrx_word' id='word_1_163' title='bbox 1299 3038 1410 3115; x_wconf 91' lang='lat' dir='ltr'><strong>certe,</strong></span> 
     </span>
     <span class='ocr_line' id='line_1_22' title="bbox 211 3156 1409 3254; baseline -0.004 -17"><span class='ocrx_word' id='word_1_164' title='bbox 211 3165 328 3238; x_wconf 90' lang='lat' dir='ltr'><strong>donec</strong></span> <span class='ocrx_word' id='word_1_165' title='bbox 358 3159 456 3229; x_wconf 90' lang='lat' dir='ltr'><strong>aliud</strong></span> <span class='ocrx_word' id='word_1_166' title='bbox 487 3157 664 3253; x_wconf 90' lang='lat' dir='ltr'><strong>quoddam</strong></span> <span class='ocrx_word' id='word_1_167' title='bbox 693 3156 816 3226; x_wconf 88' lang='lat' dir='ltr'><strong>lumen</strong></span> <span class='ocrx_word' id='word_1_168' title='bbox 843 3157 1003 3242; x_wconf 88' lang='lat' dir='ltr'><strong>accedat,</strong></span> <span class='ocrx_word' id='word_1_169' title='bbox 1036 3179 1104 3230; x_wconf 90' lang='lat' dir='ltr'><strong>nec</strong></span> <span class='ocrx_word' id='word_1_170' title='bbox 1131 3157 1211 3253; x_wconf 89' lang='lat' dir='ltr'><strong>ipsa</strong></span> <span class='ocrx_word' id='word_1_171' title='bbox 1240 3183 1307 3254; x_wconf 90' lang='lat' dir='ltr'><strong>per</strong></span> <span class='ocrx_word' id='word_1_172' title='bbox 1328 3183 1409 3232; x_wconf 85' lang='lat' dir='ltr'><strong>sese</strong></span> 
     </span>
    </p>
   </div>
   <div class='ocr_carea' id='block_1_3' title="bbox 209 3287 1411 3520">
    <p class='ocr_par' dir='ltr' id='par_1_3' title="bbox 209 3287 1411 3520">
     <span class='ocr_line' id='line_1_23' title="bbox 209 3287 1411 3395; baseline -0.012 -21"><span class='ocrx_word' id='word_1_173' title='bbox 209 3297 346 3395; x_wconf 85' lang='lat' dir='ltr'><strong>aliquid</strong></span> <span class='ocrx_word' id='word_1_174' title='bbox 384 3293 561 3389; x_wconf 88' lang='lat' dir='ltr'><strong>prolicere</strong></span> <span class='ocrx_word' id='word_1_175' title='bbox 604 3301 734 3385; x_wconf 87' lang='lat' dir='ltr'><strong>potest.</strong></span> <span class='ocrx_word' id='word_1_176' title='bbox 794 3289 866 3360; x_wconf 92' lang='lat' dir='ltr'><strong>Sed</strong></span> <span class='ocrx_word' id='word_1_177' title='bbox 911 3287 1051 3360; x_wconf 89' lang='lat' dir='ltr'><strong>ratione</strong></span> <span class='ocrx_word' id='word_1_178' title='bbox 1091 3299 1130 3362; x_wconf 79' lang='lat' dir='ltr'><strong>&#39;et</strong></span> <span class='ocrx_word' id='word_1_179' title='bbox 1177 3289 1411 3384; x_wconf 85' lang='lat' dir='ltr'><strong>philosophia</strong></span> 
     </span>
     <span class='ocr_line' id='line_1_24' title="bbox 212 3418 1411 3520; baseline -0.011 -15"><span class='ocrx_word' id='word_1_180' title='bbox 212 3433 306 3506; x_wconf 83' lang='lat' dir='ltr'><strong>freta</strong></span> <span class='ocrx_word' id='word_1_181' title='bbox 334 3436 445 3520; x_wconf 89' lang='lat' dir='ltr'><strong>atque</strong></span> <span class='ocrx_word' id='word_1_182' title='bbox 473 3420 598 3506; x_wconf 62' lang='lat' dir='ltr'><strong>innisa</strong></span> <span class='ocrx_word' id='word_1_183' title='bbox 621 3443 660 3490; x_wconf 89' lang='lat' dir='ltr'><strong>se</strong></span> <span class='ocrx_word' id='word_1_184' title='bbox 686 3418 882 3514; x_wconf 87' lang='lat' dir='ltr'><strong>paullulum</strong></span> <span class='ocrx_word' id='word_1_185' title='bbox 911 3419 1039 3492; x_wconf 88' lang='lat' dir='ltr'><strong>attollit</strong></span> <span class='ocrx_word' id='word_1_186' title='bbox 1049 3448 1058 3506; x_wconf 94' lang='lat'>;</span> <span class='ocrx_word' id='word_1_187' title='bbox 1088 3443 1108 3490; x_wconf 90' lang='lat' dir='ltr'><strong>e</strong></span> <span class='ocrx_word' id='word_1_188' title='bbox 1134 3419 1268 3492; x_wconf 88' lang='lat' dir='ltr'><strong>fabulis</strong></span> <span class='ocrx_word' id='word_1_189' title='bbox 1295 3423 1411 3517; x_wconf 90' lang='lat' dir='ltr'><strong>quod·</strong></span> 
     </span>
    </p>
   </div>
   <div class='ocr_carea' id='block_1_4' title="bbox 212 3551 1504 4170">
    <p class='ocr_par' dir='ltr' id='par_1_4' title="bbox 212 3551 1504 4170">
     <span class='ocr_line' id='line_1_25' title="bbox 212 3551 1504 3655; baseline -0.012 -20"><span class='ocrx_word' id='word_1_190' title='bbox 212 3582 357 3655; x_wconf 89' lang='lat' dir='ltr'><strong>cunque</strong></span> <span class='ocrx_word' id='word_1_191' title='bbox 375 3579 497 3628; x_wconf 89' lang='lat' dir='ltr'><strong>verum</strong></span> <span class='ocrx_word' id='word_1_192' title='bbox 517 3553 563 3625; x_wconf 92' lang='lat' dir='ltr'><strong>sit</strong></span> <span class='ocrx_word' id='word_1_193' title='bbox 579 3551 810 3646; x_wconf 87' lang='lat' dir='ltr'><strong>amplectitur</strong></span> <span class='ocrx_word' id='word_1_194' title='bbox 827 3552 1067 3648; x_wconf 88' lang='lat' dir='ltr'><strong>reliquiasque</strong></span> <span class='ocrx_word' id='word_1_195' title='bbox 1084 3553 1211 3625; x_wconf 87' lang='lat' dir='ltr'><strong>inanes</strong></span> <span class='ocrx_word' id='word_1_196' title='bbox 1228 3553 1355 3652; x_wconf 81' lang='lat' dir='ltr'><strong>rejicit,</strong></span> <span class='ocrx_word' id='word_1_197' title='bbox 1373 3565 1412 3626; x_wconf 92' lang='lat' dir='ltr'><strong>et</strong></span> <span class='ocrx_word' id='word_1_198' title='bbox 1492 3601 1504 3620; x_wconf 92' lang='lat'>.</span> 
     </span>
     <span class='ocr_line' id='line_1_26' title="bbox 214 3682 1413 3778; baseline -0.008 -11"><span class='ocrx_word' id='word_1_199' title='bbox 214 3713 333 3766; x_wconf 88' lang='lat' dir='ltr'><strong>rerum</strong></span> <span class='ocrx_word' id='word_1_200' title='bbox 364 3684 606 3759; x_wconf 89' lang='lat' dir='ltr'><strong>recentiorum</strong></span> <span class='ocrx_word' id='word_1_201' title='bbox 636 3692 747 3777; x_wconf 89' lang='lat' dir='ltr'><strong>atque</strong></span> <span class='ocrx_word' id='word_1_202' title='bbox 779 3682 942 3756; x_wconf 70' lang='lat' dir='ltr'><strong>indubiae</strong></span> <span class='ocrx_word' id='word_1_203' title='bbox 968 3684 1052 3755; x_wconf 88' lang='lat' dir='ltr'><strong>fidei</strong></span> <span class='ocrx_word' id='word_1_204' title='bbox 1078 3707 1147 3778; x_wconf 86' lang='lat' dir='ltr'><strong>ope</strong></span> <span class='ocrx_word' id='word_1_205' title='bbox 1176 3686 1223 3757; x_wconf 85' lang='lat' dir='ltr'><strong>de</strong></span> <span class='ocrx_word' id='word_1_206' title='bbox 1247 3685 1413 3759; x_wconf 90' lang='lat' dir='ltr'><strong>obscuris</strong></span> 
     </span>
     <span class='ocr_line' id='line_1_27' title="bbox 213 3811 1410 3917; baseline -0.003 -23"><span class='ocrx_word' id='word_1_207' title='bbox 213 3835 326 3917; x_wconf 88' lang='lat' dir='ltr'><strong>atque</strong></span> <span class='ocrx_word' id='word_1_208' title='bbox 339 3816 497 3912; x_wconf 88' lang='lat' dir='ltr'><strong>antiquis</strong></span> <span class='ocrx_word' id='word_1_209' title='bbox 506 3811 688 3914; x_wconf 89' lang='lat' dir='ltr'><strong>judicans,</strong></span> <span class='ocrx_word' id='word_1_210' title='bbox 707 3812 758 3885; x_wconf 90' lang='lat' dir='ltr'><strong>ila</strong></span> <span class='ocrx_word' id='word_1_211' title='bbox 772 3817 916 3887; x_wconf 87' lang='lat' dir='ltr'><strong>demum</strong></span> <span class='ocrx_word' id='word_1_212' title='bbox 936 3813 1117 3914; x_wconf 88' lang='lat' dir='ltr'><strong>intelligit,</strong></span> <span class='ocrx_word' id='word_1_213' title='bbox 1136 3816 1198 3888; x_wconf 94' lang='lat' dir='ltr'><strong>ubi</strong></span> <span class='ocrx_word' id='word_1_214' title='bbox 1216 3817 1410 3890; x_wconf 86' lang='lat' dir='ltr'><strong>Historicis</strong></span> 
     </span>
     <span class='ocr_line' id='line_1_28' title="bbox 215 3945 1413 4044; baseline -0.005 -17"><span class='ocrx_word' id='word_1_215' title='bbox 215 3948 396 4027; x_wconf 85' lang='lat' dir='ltr'><strong>veteribus</strong></span> <span class='ocrx_word' id='word_1_216' title='bbox 414 3946 502 4017; x_wconf 85' lang='lat' dir='ltr'><strong>fides</strong></span> <span class='ocrx_word' id='word_1_217' title='bbox 517 3946 562 4016; x_wconf 84' lang='lat' dir='ltr'><strong>sit</strong></span> <span class='ocrx_word' id='word_1_218' title='bbox 579 3945 757 4032; x_wconf 85' lang='lat' dir='ltr'><strong>habenda,</strong></span> <span class='ocrx_word' id='word_1_219' title='bbox 783 3946 845 4018; x_wconf 92' lang='lat' dir='ltr'><strong>uhi</strong></span> <span class='ocrx_word' id='word_1_220' title='bbox 863 3948 1043 4044; x_wconf 85' lang='lat' dir='ltr'><strong>neganda.</strong></span> <span class='ocrx_word' id='word_1_221' title='bbox 1096 3946 1178 4020; x_wconf 89' lang='lat' dir='ltr'><strong>Hoc</strong></span> <span class='ocrx_word' id='word_1_222' title='bbox 1195 3950 1301 4022; x_wconf 91' lang='lat' dir='ltr'><strong>modo</strong></span> <span class='ocrx_word' id='word_1_223' title='bbox 1320 3949 1413 4022; x_wconf 85' lang='lat' dir='ltr'><strong>His·</strong></span> 
     </span>
     <span class='ocr_line' id='line_1_29' title="bbox 216 4073 1411 4170; baseline -0.006 -13"><span class='ocrx_word' id='word_1_224' title='bbox 216 4079 318 4158; x_wconf 82' lang='lat' dir='ltr'><strong>toriae</strong></span> <span class='ocrx_word' id='word_1_225' title='bbox 343 4076 454 4149; x_wconf 87' lang='lat' dir='ltr'><strong>veteri</strong></span> <span class='ocrx_word' id='word_1_226' title='bbox 476 4098 585 4170; x_wconf 89' lang='lat' dir='ltr'><strong>opera</strong></span> <span class='ocrx_word' id='word_1_227' title='bbox 610 4073 729 4146; x_wconf 87' lang='lat' dir='ltr'><strong>danda</strong></span> <span class='ocrx_word' id='word_1_228' title='bbox 752 4085 807 4146; x_wconf 85' lang='lat' dir='ltr'><strong>est</strong></span> <span class='ocrx_word' id='word_1_229' title='bbox 829 4085 893 4148; x_wconf 94' lang='lat' dir='ltr'><strong>aut</strong></span> <span class='ocrx_word' id='word_1_230' title='bbox 917 4075 1050 4148; x_wconf 88' lang='lat' dir='ltr'><strong>frustra</strong></span> <span class='ocrx_word' id='word_1_231' title='bbox 1067 4077 1221 4164; x_wconf 87' lang='lat' dir='ltr'><strong>dabitur,</strong></span> <span class='ocrx_word' id='word_1_232' title='bbox 1250 4102 1318 4150; x_wconf 91' lang='lat' dir='ltr'><strong>nec</strong></span> <span class='ocrx_word' id='word_1_233' title='bbox 1336 4079 1411 4150; x_wconf 92' lang='lat' dir='ltr'><strong>col·</strong></span> 
     </span>
    </p>
   </div>
   <div class='ocr_carea' id='block_1_5' title="bbox 256 4337 1340 4416">
    <p class='ocr_par' dir='ltr' id='par_1_5' title="bbox 256 4337 1340 4416">
     <span class='ocr_line' id='line_1_30' title="bbox 256 4337 1340 4416; baseline -0.002 -15"><span class='ocrx_word' id='word_1_234' title='bbox 256 4349 265 4378; x_wconf 85' lang='lat'><em>¹</em></span> <span class='ocrx_word' id='word_1_235' title='bbox 287 4342 408 4402; x_wconf 82' lang='lat' dir='ltr'><strong>Salmas.</strong></span> <span class='ocrx_word' id='word_1_236' title='bbox 419 4344 453 4398; x_wconf 84' lang='lat' dir='ltr'><strong>dc</strong></span> <span class='ocrx_word' id='word_1_237' title='bbox 464 4339 577 4400; x_wconf 84' lang='lat' dir='ltr'><strong>Hellen.</strong></span> <span class='ocrx_word' id='word_1_238' title='bbox 590 4359 616 4413; x_wconf 94' lang='lat' dir='ltr'><strong>p.</strong></span> <span class='ocrx_word' id='word_1_239' title='bbox 626 4343 696 4396; x_wconf 74' lang='lat'><strong>342.</strong></span> <span class='ocrx_word' id='word_1_240' title='bbox 720 4339 787 4398; x_wconf 90' lang='lat' dir='ltr'><strong>Stil·</strong></span> <span class='ocrx_word' id='word_1_241' title='bbox 878 4341 889 4372; x_wconf 89' lang='lat'>¹</span> <span class='ocrx_word' id='word_1_242' title='bbox 910 4340 1031 4397; x_wconf 88' lang='lat' dir='ltr'><strong>Salmas.</strong></span> <span class='ocrx_word' id='word_1_243' title='bbox 1045 4340 1078 4395; x_wconf 87' lang='lat' dir='ltr'><strong>de</strong></span> <span class='ocrx_word' id='word_1_244' title='bbox 1093 4337 1206 4398; x_wconf 85' lang='lat' dir='ltr'><strong>Hellen.</strong></span> <span class='ocrx_word' id='word_1_245' title='bbox 1227 4360 1255 4416; x_wconf 87' lang='lat' dir='ltr'><strong>p.</strong></span> <span class='ocrx_word' id='word_1_246' title='bbox 1270 4345 1340 4400; x_wconf 75' lang='lat' dir='ltr'><strong>sla.</strong></span> 
     </span>
    </p>
   </div>
   <div class='ocr_carea' id='block_1_6' title="bbox 93 4431 1174 4522">
    <p class='ocr_par' dir='ltr' id='par_1_6' title="bbox 93 4431 1174 4522">
     <span class='ocr_line' id='line_1_31' title="bbox 93 4431 1174 4522; baseline -0.011 -22"><span class='ocrx_word' id='word_1_247' title='bbox 93 4475 102 4486; x_wconf 91' lang='lat'><strong>·</strong></span> <span class='ocrx_word' id='word_1_248' title='bbox 218 4437 441 4522; x_wconf 81' lang='lat' dir='ltr'><strong>lioglleet.Orig,</strong></span> <span class='ocrx_word' id='word_1_249' title='bbox 456 4436 535 4494; x_wconf 86' lang='lat' dir='ltr'><strong>Sacr.</strong></span> <span class='ocrx_word' id='word_1_250' title='bbox 548 4443 576 4493; x_wconf 79' lang='lat'><strong>4.</strong></span> <span class='ocrx_word' id='word_1_251' title='bbox 596 4441 662 4494; x_wconf 90' lang='lat'>111.</span> <span class='ocrx_word' id='word_1_252' title='bbox 684 4451 744 4508; x_wconf 83' lang='lat' dir='ltr'><strong>cup.</strong></span> <span class='ocrx_word' id='word_1_253' title='bbox 758 4441 787 4492; x_wconf 74' lang='grc' dir='ltr'><strong>ιι.</strong></span> <span class='ocrx_word' id='word_1_254' title='bbox 878 4431 889 4462; x_wconf 84' lang='lat'>⁸</span> <span class='ocrx_word' id='word_1_255' title='bbox 911 4434 952 4492; x_wconf 87' lang='lat' dir='ltr'><strong>ld.</strong></span> <span class='ocrx_word' id='word_1_256' title='bbox 975 4433 1039 4490; x_wconf 93' lang='lat' dir='ltr'><strong>ibid.</strong></span> <span class='ocrx_word' id='word_1_257' title='bbox 1061 4451 1090 4508; x_wconf 89' lang='lat' dir='ltr'><strong>p.</strong></span> <span class='ocrx_word' id='word_1_258' title='bbox 1104 4437 1174 4493; x_wconf 80' lang='lat'><strong>300.</strong></span> 
     </span>
    </p>
   </div>
   <div class='ocr_carea' id='block_1_7' title="bbox 0 0 1593 5094">
    <p class='ocr_par' dir='ltr' id='par_1_7' title="bbox 0 0 1593 5094">
     <span class='ocr_line' id='line_1_32' title="bbox 0 0 1593 5094; baseline 0 0"><span class='ocrx_word' id='word_1_259' title='bbox 0 0 1593 5094; x_wconf 95' lang='lat' dir='ltr'><strong> </strong></span> 
     </span>
    </p>
   </div>
  </div>
 </body>
</html>
