3196 5100
820 372 890 432 258
1199 371 1343 454 [Casas.
1371 376 1435 442 lli·

384 811 536 895 Cares.
568 807 658 892 ΙΙΙ.
717 809 845 891 Sscr.
872 771 949 889 ΙΙ(
993 806 1149 892 Iuscn.
1177 811 1284 895 ΧΙΙ.

477 1035 717 1112 MARMOR
743 1031 1095 1114 ELGINIANUM
1118 1039 1190 1112 lx.

697 1257 790 1316 sss.
815 1257 961 1317 xxxvr.

689 1526 691 1536 ¹
763 1481 912 1522 —4—

249 1693 374 1758 Bockh.
398 1691 494 1756 Tom.
513 1689 559 1753 lt.
584 1713 617 1772 p.
635 1697 712 1754 ato.
753 1688 874 1755 Osann.
892 1669 972 1772 s'ytt.
993 1712 1026 1774 p.
1044 1696 1098 1754 38.
1139 1687 1229 1754 Mus.
1250 1688 1325 1756 Cat.
1345 1702 1419 1759 200.

306 1845 397 1933 Hrc
431 1857 521 1955 lapis
556 1858 664 1931 hodie
698 1857 736 1929 in
771 1855 907 1929 Museo
949 1853 1164 1928 Britannico
1199 1865 1331 1946 exstat,
1372 1861 1434 1932 sed

232 1993 378 2066 mutilus
414 1993 608 2064 admodum
656 2001 766 2087 atque
808 1987 924 2062 tritus.
990 1989 1099 2080 Quod
1142 1989 1211 2060 nisi
1246 1989 1296 2061 ita
1329 2005 1433 2080 esset,

230 2121 355 2195 nescio
384 2146 431 2192 an
462 2119 554 2191 alius
581 2117 699 2216 quivis
726 2117 815 2213 lapis
843 2115 958 2215 magis
982 2119 1028 2189 ad
1055 2117 1266 2189 oecouomiae
1290 2118 1433 2191 Graecae

229 2249 477 2350 cognitionem
517 2248 717 2344 prodesset.
781 2245 912 2344 Agitur
946 2245 1044 2318 enim
1089 2247 1124 2318 in
1172 2246 1240 2319 hac
1283 2247 1433 2343 iuscrip-

109 2365 112 2374 ’
228 2382 341 2468 tione,
369 2389 410 2451 ut
445 2377 601 2463 videtur,
633 2379 679 2448 de
713 2373 1063 2448 Hellenotamiarum
1099 2375 1286 2472 impensis,
1323 2402 1432 2472 pecu-

233 2514 367 2610 niaque
402 2509 449 2581 ub
488 2507 531 2580 iis
566 2518 728 2601 accepta.
791 2505 849 2578 Ex
886 2503 966 2602 ipso
1009 2516 1132 2578 autem
1169 2505 1289 2603 lapide
1325 2509 1430 2580 hodie

231 2640 321 2713 nihii
355 2637 433 2709 erui
467 2647 598 2730 potest,
636 2659 705 2707 nec
738 2634 829 2707 alius
864 2633 1056 2730 quisquam
1089 2635 1251 2734 ejusdem
1286 2638 1431 2734 generis

233 2779 332 2843 extat
353 2767 459 2866 cujus
483 2789 554 2860 ope
584 2775 745 2838 nostrum
782 2764 1006 2861 expleamus.
1061 2765 1320 2840 Fourmontius
1350 2793 1431 2864 quae

233 2903 372 3000 reliqua
390 2909 475 2973 sunt
492 2900 530 2972 in
548 2900 668 2997 lapide
686 2897 840 2971 Athenis
857 2897 1065 2997 exscripsit,
1094 2901 1158 2972 sed
1173 2903 1430 2999 apographum,

234 3046 274 3107 ut
296 3031 448 3118 videtur,
476 3031 512 3102 iu
536 3029 675 3102 duabus
697 3027 868 3100 chartulis
893 3039 1106 3102 exaraverat
1129 3030 1226 3102 uude
1251 3029 1430 3103 Biichhius

234 3161 316 3260 (qui
341 3160 479 3256 primus
496 3157 626 3250 edidit)
643 3181 709 3252 pro
727 3157 877 3229 diversis
896 3155 1006 3228 titulis
1023 3155 1159 3229 hahuit.
1206 3155 1430 3230 Fourmoutii

234 3316 382 3392 quoque
426 3290 674 3388 apographum
720 3288 859 3360 mendis
902 3312 1107 3385 respersum
1152 3286 1355 3361 Biickhium
1397 3289 1429 3360 in

234 3424 448 3528 quibusdam
476 3418 614 3494 fefellit.

310 3557 404 3648 Quae
430 3556 466 3627 iu
497 3556 566 3628 hoc
599 3578 776 3627 marmore
801 3555 848 3629 ad
878 3553 1188 3656 Palaeographiam
1216 3555 1318 3632 utiiia
1341 3563 1433 3638 sunt,

238 3714 346 3763 nemo
372 3713 446 3760 ιιοιι
468 3687 613 3760 videbit.
