3218 5116
184 375 312 440 Issen.
329 367 443 460 Vlll.]
778 363 847 452 169

185 543 232 613 de
254 563 297 613 ea
319 538 415 614 inter
433 539 595 614 lonicum
618 539 821 612 aedilicandi
838 562 955 636 genus
977 551 1015 614 et
1038 543 1212 616 Asianum
1231 527 1326 641 (uam
1353 569 1375 616 a

186 665 390 760 quodsiae
424 666 558 761 populo
593 675 830 763 propagatum
864 667 920 752 sit,
946 668 1097 740 definire
1132 695 1205 742 non
1240 672 1373 764 audeo)

185 795 403 893 cognatione
420 795 551 868 certius
573 797 682 869 multa
704 795 874 868 constitui
894 807 1086 890 poterunt:
1117 802 1146 872 si
1168 804 1375 897 antiquiora

184 935 260 994 tum
280 924 385 1021 hujus
403 935 476 996 tum
496 924 589 997 illius
605 925 824 997 documenta
839 923 932 996 forte
951 925 1095 998 fortuna
1107 931 1376 1027 detegerentur.

189 1052 280 1124 lllnd
318 1065 416 1125 certe
445 1055 523 1151 jam
554 1055 698 1150 Olymp.
730 1077 856 1124 xxxiii.
888 1077 951 1146 per
981 1054 1159 1128 Graeciam
1194 1058 1299 1131 etiam
1336 1059 1374 1130 in

188 1183 441 1278 Peloponneso
480 1182 764 1256 adhibebatur¹:
815 1194 935 1255 tamen
972 1184 1061 1255 nihil
1096 1185 1212 1256 ionici
1253 1198 1375 1274 restat,

188 1314 284 1407 quod
311 1313 455 1409 Olymp.
483 1335 592 1384 cxxx.
626 1314 688 1404 (Α.
707 1313 751 1384 C.
780 1317 943 1402 cccccx.)
960 1311 1146 1407 antiquius
1172 1337 1250 1387 esse
1278 1327 1377 1388 certo

185 1437 450 1512 affirmaveris.''
907 1505 915 1523 .

263 1568 397 1642 “Nam
416 1567 593 1644 Minervas
614 1570 782 1644 Poliudt's
799 1571 970 1666 tempium
994 1572 1199 1645 Prienaeum
1218 1572 1376 1645 Alexan·

186 1697 241 1768 dri
271 1698 414 1770 demum
449 1709 611 1794 tempore
644 1709 863 1774 exstructum
899 1722 990 1784 esse,
1023 1699 1130 1772 docet
1161 1700 1374 1797 inscriptio:

186 1835 400 1908 architectus
424 1836 711 1933 erat.Pythius².
764 1838 857 1910 AEdi
878 1837 1051 1930 Apollinis
1068 1839 1272 1940 Didpmoece
1289 1841 1379 1914 faci-

188 1963 292 2034 eudae
319 1976 472 2058 praeerat
499 1966 668 2038 Paeonius
692 1967 871 2060 Ephesius
895 1987 975 2038 cum
1000 1967 1192 2062 Daphnide
1216 1971 1376 2058 Milesio,

188 2091 282 2163 idem
316 2093 380 2184 qui
416 2093 587 2186 templum
625 2093 757 2164 Dianas
785 2093 955 2184 Ephesiae
985 2093 1069 2164 olim
1101 2098 1283 2193 inceptum
1313 2102 1378 2174 ab·

186 2221 357 2303 solverat,
384 2219 480 2292 circa
504 2219 649 2313 Olymp.
669 2217 741 2288 0³.
794 2217 930 2310 Neque
958 2217 1055 2288 enim
1085 2225 1290 2316 antiquiora
1311 2229 1379 2298 hac

193 2349 331 2442 epocha
364 2370 443 2420 esse
481 2357 630 2441 possunt
664 2345 818 2443 capitula
850 2353 1029 2418 antarum
1064 2345 1260 2438 pulvinata,
1297 2375 1380 2443 quse

190 2477 324 2552 nativae
383 2476 468 2550 artis
529 2475 746 2572 simplicitati
807 2474 915 2571 plane
971 2471 1239 2572 refragantur„
1271 2483 1382 2569 atque

190 2593 383 2710 singularis
400 2611 575 2707 spirarum
594 2611 799 2686 Ionicarum
816 2610 964 2724 fabrica,
984 2610 1115 2704 quibus
1133 2609 1171 2681 in
1190 2608 1382 2705 Didymaeo

191 2755 229 2819 et
252 2747 383 2843 templo
403 2745 598 2819 Prienensi
623 2748 749 2819 eadem
776 2743 853 2816 fere
877 2753 932 2816 est
960 2741 1135 2837 speciest
1187 2742 1311 2816 Simile
1327 2754 1383 2816 est

191 2879 433 2976 fragmentum
457 2877 586 2950 Hercei
601 2875 724 2962 Samii,
751 2874 877 2967 inquo
900 2897 972 2944 non
996 2884 1136 2944 tantum
1157 2883 1254 2948 torus
1277 2876 1382 2972 spirae

192 3010 255 3081 sed
290 3008 396 3080 etiam
429 3004 547 3082 scotia,
577 3005 699 3074 striata
734 3011 789 3072 est
801 2990 847 3068 ⁵.'
887 2998 1083 3091 Antiquius
1123 3009 1178 3072 est
1210 3006 1384 3096 templum

191 3138 334 3212 Bocclti
361 3135 498 3219 Teium,
526 3157 618 3228 opus
642 3128 898 3229 Hermogenis,
924 3126 1086 3227 simplice
1114 3132 1229 3230 magis
1252 3134 1385 3206 decore

191 3279 232 3339 et
259 3275 364 3362 grata
393 3273 581 3336 venustate
610 3257 930 3333 commendabile⁶.
981 3257 1176 3356 Templum
1206 3261 1386 3356 Apollinis

192 3394 456 3490 Pnigateense,
483 3395 586 3492 cujus
604 3395 793 3490 hypaethro
814 3389 1078 3486 circumpositas
1099 3403 1184 3466 sunt
1206 3394 1385 3468 columma

193 3527 342 3613 lonicae,
370 3526 506 3598 utinam
535 3523 613 3620 jam
642 3523 817 3594 curiosius
846 3519 1067 3616 descriptum
1096 3532 1134 3593 et
1164 3523 1384 3595 delineatum

195 3756 282 3813 ethic
296 3763 324 3812 et
340 3755 368 3810 in
387 3755 573 3812 monumentis
590 3753 765 3828 Persepoleos
817 3754 887 3812 seul.
901 3754 937 3811 Τ.
954 3754 977 3813 l.
993 3752 1032 3828 pl.
1049 3749 1131 3814 1160

197 3853 288 3910 nullus
298 3859 349 3908 est.
384 3851 516 3925 Capitula
529 3849 639 3907 volutas
653 3850 765 3917 habent,
859 3850 871 3881 ³
891 3849 929 3907 V.
946 3847 1021 3903 Hirt.
1036 3848 1070 3903 de
1083 3848 1141 3904 eda
1157 3843 1280 3923 Ephesia
1294 3867 1322 3922 p.
1338 3851 1386 3903 15.

198 3957 294 4006 carent
316 3946 444 4022 pulvinis.
487 3945 568 4021 Spita
585 3961 672 4019 neque
692 3943 767 4000 Atti·
819 3942 903 3999 Sacus
919 3939 1037 3998 Forster.
1053 3939 1218 4016 (Memoires
1235 3941 1269 3996 de
1287 3938 1387 3996 Cassel

197 4061 295 4116 curges
308 4049 352 4097 est
364 4055 454 4113 neque
470 4037 575 4094 lonica.
610 4035 654 4116 lta
674 4035 766 4092 arehi—
817 4052 844 4106 p.
863 4038 945 4103 198.)

197 4142 306 4194 tectura
326 4133 388 4188 haec
401 4130 479 4204 qussi
501 4127 592 4184 media
605 4135 649 4186 est
668 4135 696 4184 et
708 4142 768 4184 am·
855 4127 950 4186 ⁴lon.
983 4127 1068 4203 antiq.
1104 4145 1131 4186 c.
1166 4131 1195 4183 2·
1245 4116 1385 4179 Chois'eul.

198 4229 285 4303 bigua
298 4226 369 4283 iuter
382 4235 536 4300 utramque.
817 4223 852 4282 T.
868 4223 893 4280 l.
915 4220 958 4298 pl.
976 4227 1044 4280 114.

242 4318 251 4349 ¹
272 4321 357 4379 Paua.
370 4320 424 4376 Vl.
437 4327 484 4390 19.
500 4325 529 4376 2.
858 4314 870 4345 ⁶
891 4311 1034 4372 Choiseul.
1044 4310 1082 4388 pl.
1097 4315 1146 4368 54.

244 4410 256 4443 ¹
277 4415 374 4472 Ionian
399 4413 555 4492 antiquities
582 4433 608 4471 c.
632 4421 661 4472 2.
692 4412 778 4470 Choi-
863 4410 875 4444 ⁶
898 4411 958 4470 lon.
971 4408 1059 4487 antiq.
1072 4425 1098 4468 c.
1113 4419 1140 4467 1.

774 4511 806 4574 Y
