3222 5104
669 411 926 462 urraunrx.
1295 405 1363 465 ³81

226 585 258 636 et
273 545 483 657 supplendum
500 596 569 638 esse
586 579 731 637 HOIAE.
785 574 831 638 Ut
853 573 1002 666 reliquam
1020 577 1162 642 versiculi
1180 592 1298 660 partem
1320 581 1383 643 inv

227 669 396 749 veniemus,
422 671 453 734 in
470 670 614 736 auxilinm
633 674 791 736 vocandus
806 671 872 751 erit,
890 673 943 758 qui
957 673 1095 759 sequitur

301 785 340 849 V.
359 796 391 851 8.
417 791 1171 853 Tulxoznlz'rouarnutlfifflrnuessuTo

191 949 194 954 .
223 921 285 986 quo
300 900 461 978 docemur,
479 899 626 985 quidnam
641 896 749 984 reliqui
766 900 871 963 hostes
890 900 1028 980 fecerint,
1048 925 1127 986 quos
1140 901 1215 966 illud
1232 909 1366 967 ΗΟΙΔΕ

221 995 354 1076 induxit,
372 996 490 1062 scilicet
505 996 697 1060 munimenta
715 995 798 1059 urbis
820 999 1006 1062 tutissimum
1028 1021 1109 1082 spem
1126 998 1259 1063 arbitrati
1284 1017 1366 1064 sunt.

226 1092 400 1180 Cujusnam
420 1096 529 1178 apem?
559 1093 685 1178 Nempe
701 1093 805 1158 salutis
823 1093 886 1159 sive
904 1095 984 1160 vitae.
1028 1097 1104 1159 Non
1118 1093 1210 1178 igitur
1225 1098 1366 1172 dubium,

226 1193 299 1276 quin
320 1191 352 1255 iu
379 1192 441 1254 line
459 1190 638 1275 posterioris
666 1197 738 1254 1310
760 1214 893 1256 marmor
915 1192 1066 1257 habuerit.
1109 1189 1181 1255 Jam
1201 1193 1367 1278 superioris

222 1312 326 1352 versus
341 1290 482 1352 defectus
499 1311 554 1352 sua
578 1301 690 1373 sponte
715 1288 853 1352 sarcitur.
907 1289 991 1352 Nam
1012 1290 1188 1353 Potidaeatae
1212 1314 1272 1353 non
1291 1290 1367 1355 intra

227 1385 417 1450 munimenta
433 1386 518 1450 urbis
537 1409 570 1448 se
588 1384 813 1466 continuerant,
840 1388 922 1470 quod
947 1386 1118 1450 indicarent
1135 1390 1229 1451 verba
1254 1388 1368 1477 τεῖχος

226 1481 442 1559 πιστοτάτην
456 1471 562 1548 ἐλπίδ’
580 1473 698 1547 ἔθεντο
720 1477 806 1565 βίον,
833 1483 858 1546 si
875 1483 941 1546 sola
960 1484 1144 1566 legerentur,
1169 1487 1221 1546 sed
1240 1485 1366 1567 egressi,

227 1595 260 1643 ut
275 1579 454 1664 exciperent
471 1578 683 1644 advenientem
701 1581 837 1645 hostium
860 1581 1030 1644 exercitum
1051 1594 1081 1644 et
1099 1605 1202 1664 pugna
1220 1583 1367 1664 superati,

227 1676 358 1741 intrusa
376 1679 449 1762 fuga
467 1677 598 1742 salutem
617 1676 780 1760 petierant.
832 1669 1069 1743 llorerdurrirur
1099 1667 1134 1742 dd
1158 1675 1257 1742 nalal
1279 1673 1368 1752 μετὰ

222 1767 401 1864 Ἀριστέως
435 1764 695 1852 Πελοποννήσιοι
732 1765 986 1863 προσδεχόμενοι
1016 1769 1091 1844 roric
1121 1769 1302 1851 Ἀθηναίους
1336 1771 1370 1840 ἑ·
1403 1837 1414 1844 .

228 1861 538 1960 στροτοπείειίοντο
557 1868 639 1962 rrpdr
655 1867 841 1958 Ὀλιίνθῳέν
858 1873 906 1956 τῷ
922 1872 1146 1951 indari-mox
1161 1897 1264 1958 pugna
1279 1897 1368 1938 com-

223 1970 317 2034 missa
341 1970 434 2034 vincit
457 1971 489 2032 in
511 1993 608 2033 cornu
631 1993 688 2032 suo
704 1970 852 2034 Aristeas.
903 1965 952 2036 Td
970 1960 1004 2034 dd
1025 1961 1114 2034 ἄλλο
1138 1962 1370 2056 στρατόπεδον

229 2055 476 2130 Ποτειδοιατιῖιν
497 2063 551 2130 καί
571 2065 845 2142 Πελοποννησίων
862 2060 992 2142 ἡσσᾶτο
1012 2061 1077 2129 rirrd
1093 2067 1162 2130 τῶν
1184 2061 1370 2144 Ἀθηναίων,

228 2160 290 2226 καί
316 2157 350 2230 ἐς
378 2157 430 2225 ‘ro'
461 2160 601 2250 τοῖχος
631 2156 1034 2251 κατίφνγενΤίιιιογιΙ.
1050 2184 1074 2225 1.
1092 2165 1144 2226 62.
1186 2162 1381 2246 Hicipsam·

230 2282 349 2334 vocem,
363 2282 424 2343 qua
441 2273 526 2323 caret
540 2282 657 2336 versus,
675 2258 838 2323 historicus
855 2259 946 2323 nobis
964 2259 1066 2338 offert,
1080 2282 1194 2342 nempe
1208 2259 1300 2322 scrib.

618 2377 752 2435 ΗΟΙΔΕ
774 2379 998 2436 ΦΥΛΟΝΤΕΣ

231 2485 266 2535 ut
282 2482 383 2535 totum
401 2470 556 2536 distichon
573 2471 610 2533 sit

305 2577 457 2675 Ἐχθριῧν
473 2573 500 2647 d'
514 2581 543 2648 oi
558 2578 617 2664 μὲν
633 2576 748 2674 ’ἔχουσι
762 2581 877 2676 τάφου
894 2579 999 2674 μέρος,
1021 2581 1052 2648 oi
1068 2573 1103 2649 dd
1119 2581 1327 2675 φυγόντες

354 2680 475 2773 Τεῖχος
492 2675 710 2760 πιστοτάτην
723 2672 825 2748 ἐλπίδ’
839 2674 957 2748 ἔθεντο
969 2678 1064 2766 βίον

230 2820 292 2882 qua
304 2796 421 2861 ratione
439 2812 510 2861 ante
527 2820 576 2861 me
587 2799 655 2882 jam
679 2822 697 2860 a
714 2796 864 2862 Visconto
881 2796 939 2860 luit
955 2797 1165 2860 constitutum.
1222 2797 1369 2865 Ceterum

51 2939 57 2948 ·
133 2948 136 2954 .
230 2897 315 2979 quod
332 2894 526 2979 epitaphium
544 2893 669 2978 poetice
690 2893 855 2977 eloquitur,
882 2896 986 2958 hostes
1008 2896 1130 2977 fugatos
1155 2895 1238 2958 urbis
1266 2898 1382 2960 muni-v

231 3005 335 3056 menta
353 2991 537 3056 tutissimam
555 2991 662 3055 salutis
679 3014 768 3076 spem
793 2991 949 3068 habuisse,
967 2991 996 3054 id
1014 2991 1076 3068 ille,
1100 2991 1164 3054 sine
1181 3006 1301 3070 ornatu,
1323 3016 1371 3057 eor

230 3090 317 3154 intra
333 3111 436 3156 maror
440 3089 569 3176 fugisse
591 3087 667 3152 dicit
682 3089 752 3173 ipso
770 3093 876 3164 verbo,
905 3091 989 3174 quod
1005 3088 1034 3153 in
1059 3111 1211 3152 marmore
1229 3111 1297 3151 esse
1314 3092 1370 3153 de·

228 3186 319 3262 buit„
335 3200 467 3251 servato.
517 3183 590 3250 Jam
616 3187 647 3248 in
674 3185 769 3270 priori
796 3211 885 3250 versu
910 3185 1051 3261 vidimus,
1081 3184 1240 3268 epitaphio
1266 3201 1372 3250 nostro

232 3283 420 3362 confirmari,
446 3287 532 3369 quod
549 3283 602 3346 ille
623 3287 662 3346 de
684 3282 801 3349 traditis
827 3288 864 3349 ad
887 3287 1076 3368 sepulturam
1095 3282 1235 3346 hostibus
1252 3305 1376 3348 memor

233 3395 361 3446 reverat.
415 3381 502 3445 Idem
521 3381 552 3445 in
576 3380 634 3455 his,
665 3405 734 3466 quae
759 3385 798 3445 de
820 3383 893 3465 fuga
915 3381 994 3446 intra
1018 3403 1122 3445 muros
1144 3382 1373 3466 subjunguntur

232 3477 311 3543 inter
333 3480 402 3564 ejus
422 3477 582 3543 historiam
609 3493 640 3542 et
663 3480 723 3544 boc
742 3478 905 3563 publicum
924 3479 1029 3562 patrica
1053 3501 1115 3542 suae
1135 3491 1372 3542 monumentum

235 3590 406 3641 concentus
419 3577 561 3640 cernitur.
616 3575 744 3660 Nempe
761 3575 973 3659 Thucydides,
995 3591 1029 3640 ut
1041 3576 1170 3652 scimus,
1193 3575 1373 3660 priusquam
1461 3582 1464 3590 '

234 3698 316 3760 opus
334 3673 533 3739 scribendum
551 3676 776 3758 aggrederetur,
805 3674 968 3757 diligenter
989 3673 1116 3757 collegit
1131 3685 1224 3756 etque
1245 3672 1324 3737 inter
1338 3697 1372 3738 se

233 3771 376 3846 contulit,
404 3795 473 3857 qute
505 3774 543 3835 ad
575 3771 648 3834 belli
679 3771 901 3854 Peloponnesii
929 3771 1085 3836 historiam
1112 3768 1314 3855 pertinerent,
1339 3784 1374 3834 ut

234 3870 318 3934 istud
333 3862 444 3946 κτῆμα
463 3862 493 3938 ἒς
510 3862 560 3934 ἀεί
574 3868 674 3932 solido
691 3871 895 3933 fundamento
912 3881 1147 3952 superstrueret.
1171 3866 1221 3930 Ac
1234 3883 1373 3932 nostrum

231 3969 356 4054 quidem
381 3966 573 4050 epitaphium
600 3965 631 4031 in
654 3965 850 4048 Thucydidis
881 3965 981 4050 patria
1002 3980 1034 4030 et
1058 3967 1142 4029 velut
1168 3968 1374 4029 ante-oculor

236 4064 346 4129 civium
367 4063 547 4149 expositum
568 4063 662 4130 latere
688 4087 760 4128 eum
784 4086 845 4127 nou
872 4062 984 4146 potuit.
1037 4063 1086 4128 Eo
1112 4061 1203 4147 igitur
1227 4078 1375 4147 tanquam

235 4165 436 4240 documento,
462 4163 547 4247 quod
565 4160 608 4226 rei
625 4174 721 4246 gestas
739 4160 919 4226 memorium
936 4160 999 4225 fide
1018 4161 1144 4246 publica
1162 4161 1376 4244 consignatam

237 4257 369 4344 posteris
395 4260 538 4334 traderet,
561 4258 593 4322 in
608 4259 811 4325 describenda
830 4282 936 4345 pugne
959 4263 998 4324 ad
1021 4259 1193 4324 Potidaeam
1212 4258 1378 4324 commissa

238 4381 328 4422 usum
352 4380 422 4422 esse
450 4369 583 4430 statuere
609 4357 725 4423 licebit.
779 4359 927 4424 Ceterum
957 4357 987 4421 in
1015 4357 1061 4422 his
1086 4381 1211 4444 quoque
1241 4355 1376 4421 versibus
1463 4427 1467 4434 ¹

238 4455 397 4536 nonnulla,
426 4480 493 4542 quae
523 4458 561 4522 sd
588 4471 720 4523 veterem
751 4456 1002 4564 orthographiam
1034 4455 1383 4542 pertinent-observata
