3188 5102
158 400 287 467 Ioron.
310 396 392 476 HL]
593 395 596 404 ’
720 403 794 475 329

152 570 308 644 dicatum
333 569 466 642 statuit.
525 568 689 664 Scriptor
711 589 914 664 anonymus
939 565 1144 645 Cominium
1165 565 1211 640 in
1239 565 1354 662 primu

154 699 250 772 linea
276 699 454 795 sequitur,
479 697 674 771 secundum
702 694 754 767 sic
778 694 895 792 legit3

254 865 312 933 Σοὶ
336 863 410 958 ’γάρ
434 862 653 958 ἐπευχόμενος
678 859 764 932 τότε
788 861 860 931 reio
882 859 1044 932 ἐτέλεσσε
1065 867 1224 955 τροπῆον.

257 993 374 1059 “Num
401 995 457 1060 tibi
483 995 653 1069 constituit,
682 972 861 1079 persolvens
886 1007 958 1060 vota
983 995 1175 1080 tropaeuur.'’

183 1127 190 1136 ’
229 1129 433 1224 Utramque
473 1155 520 1202 sc.
554 1131 686 1202 lineam
722 1131 885 1228 ejusdem
937 1153 1017 1203 esne
1059 1131 1166 1203 metri
1218 1129 1353 1203 debere

157 1289 270 1376 putot.
391 1317 395 1324 ·

230 1405 330 1494 Quos
375 1416 445 1478 tom
480 1430 590 1480 vonas
623 1409 851 1504 conjecturas
899 1409 1036 1481 referre
1075 1409 1241 1504 puderet,
1279 1404 1350 1478 nisi

93 1526 98 1535 ’
157 1535 242 1608 hinc
280 1535 369 1609 disci
411 1547 537 1631 posset
576 1537 751 1631 quantula
787 1537 952 1610 doctrina
986 1539 1152 1611 instructi
1188 1534 1353 1610 hominen

157 1665 204 1736 ud
253 1665 332 1738 haec
383 1667 502 1739 studio
552 1666 784 1754 accesserint,
825 1678 863 1738 et
909 1679 1083 1763 quantum
1133 1689 1231 1760 saepe
1285 1663 1354 1738 viri

158 1793 260 1894 digni
301 1795 364 1892 qui
409 1797 507 1870 docti
553 1797 721 1870 dicuntur
766 1797 802 1868 in
848 1795 1090 1869 monumentis
1133 1793 1354 1890 explicandis

159 1927 250 2021 iopsi
282 1927 355 1999 sint
396 1936 507 2021 utque
545 1925 748 1998 titubdrint.
806 1925 914 2015 Quod
959 1926 1069 2023 ipsum
1111 1923 1355 2023 Epigrnphen

159 2055 300 2138 attinet,
343 2052 583 2148 proculdubio
635 2053 758 2147 spurio
804 2063 870 2139 eut,
910 2065 947 2124 et
995 2053 1133 2124 recenti
1182 2063 1260 2124 ae'vo
1308 2049 1356 2124 ub

160 2184 308 2255 inficeto
359 2180 515 2276 quodam
573 2179 752 2265 confecto,
801 2180 861 2250 cui
912 2179 1050 2250 sciticet
1105 2202 1177 2250 non
1230 2188 1356 2251 notum

161 2321 241 2384 erut
281 2305 418 2406 nulium
466 2314 589 2376 extare
643 2325 797 2374 marmor
837 2304 897 2375 ubi
952 2298 1021 2371 ΠΗ
1057 2326 1124 2399 pro
1164 2307 1193 2376 Φ
1228 2315 1266 2376 et
1299 2305 1357 2374 ΚΣ

160 2462 229 2534 pro
266 2445 296 2512 Ξ
336 2432 557 2506 scribuntur.
610 2433 670 2505 De
713 2433 780 2503 huc
825 2456 864 2503 re
903 2434 939 2504 in
976 2432 1195 2506 Praefatione
1240 2432 1354 2506 fusius

162 2566 249 2638 dixi.

237 2697 329 2770 Haec
352 2719 467 2792 nuper
488 2696 657 2768 disseruit
679 2695 917 2770 Weickerus¹
943 2698 989 2769 de
1017 2697 1085 2768 hac
1106 2695 1352 2792 inscriptione.

164 2824 373 2898 “Dotivum
404 2825 585 2922 Ἐκφάντῳ
617 2809 797 2921 scripturn
826 2825 971 2921 quidem
1007 2825 1079 2922 tegi
1114 2825 1209 2908 sinit,
1235 2850 1355 2923 gmin-

164 2954 294 3026 muticu
321 2953 414 3025 ratio
438 2952 583 3046 respuit.
637 2952 818 3049 Equidem
842 2977 924 3027 cum
950 2957 1133 3054 Ἐκφάντοι
1160 2955 1355 3050 legendum

162 3085 425 3172 ostenderem,
453 3084 571 3155 rtatim
591 3084 636 3155 de
662 3082 794 3158 Dionae
817 3087 1035 3186 cognomine
1063 3087 1230 3185 cogitavi,
1258 3086 1356 3182 quod

162 3210 307 3283 aliunde
340 3211 486 3307 quidem
522 3232 593 3281 non
634 3209 875 3298 innotuisset·
903 3215 964 3286 sed
1005 3214 1104 3308 quod
1137 3212 1240 3285 fratri
1272 3211 1356 3286 olim

161 3364 244 3413 cunr
268 3366 312 3413 en
337 3364 529 3414 commune
545 3341 657 3414 fuisse
680 3364 812 3416 nomen
832 3343 1010 3440 Ecphnnti
1036 3346 1178 3418 videtur
1195 3344 1356 3418 indicare

159 3571 282 3629 cundum
301 3589 385 3633 LXX·
401 3590 436 3629 ex
450 3571 575 3646 ΤθῐῐΒΡῙ·
606 3571 737 3645 oligeniss
786 3577 925 3634 ssaiAto'r
938 3577 1093 3654 Ἐκφάντοι
1111 3574 1187 3655 δέξαι
1201 3573 1354 3645 τόδ’ἆμὲν-

159 3665 245 3724 edidit
254 3685 269 3723 e
278 3665 350 3725 Cod.
360 3665 499 3741 Chigiano
511 3663 612 3740 (Rom.
630 3670 733 3744 1772.)
874 3679 925 3744 φετ
939 3667 995 3742 (uic
1008 3687 1058 3742 pro
1070 3667 1210 3746 άμέμφετ)
1225 3666 1352 3740 ἄγαλμα,

159 3769 187 3816 et
209 3760 256 3836 qui
279 3760 313 3818 de
334 3761 388 3818 hnc
409 3759 599 3818 vetustissimo
618 3757 734 3833 iruerip·
784 3764 836 3821 Eoi
861 3767 918 3843 γάρ
945 3765 1146 3844 ἐπευχόμενος,
1181 3763 1264 3820 τοῦτ’
1290 3760 1352 3823 ἐτά-

162 3859 236 3916 tione
254 3876 340 3932 agens
355 3877 382 3932 p.
395 3862 466 3927 388,
479 3861 548 3923 ³89.
561 3853 732 3926 doctineimae
1117 3870 1206 3916 λιττι
1219 3857 1352 3937 Τρύφων.

159 3973 218 4012 ouae
230 3955 440 4013 Dissertationis
454 3952 582 4010 serundae
596 3951 662 4010 huic
675 3953 732 4008 edi·
784 3954 839 4012 Ubi
852 3951 1004 4032 Ἑκφάττοι
1025 3954 1045 4013 i.
1056 3974 1081 4012 e.
1102 3951 1218 4026 ἄγαλμα
1234 3951 1354 4031 Ἐκφάν-

158 4047 229 4106 tioni
240 4049 393 4122 subjunctae
408 4047 538 4128 τροτῆον
554 4043 630 4121 legit,
650 4043 733 4102 illud·
783 4070 829 4102 τοι
843 4054 885 4102 est
904 4063 1005 4102 nomen
1026 4045 1168 4120 proprium
1188 4043 1290 4101 Dorice
1303 4062 1353 4119 po·

159 4160 213 4218 qne
239 4159 290 4215 pro
325 4147 467 4218 τροπαῖον
501 4138 607 4204 dictum
643 4149 731 4214 putot.
783 4142 868 4198 situm
893 4159 943 4216 pru
968 4141 1131 4217 Ἐκφάντου
1162 4138 1214 4195 nisi
1245 4139 1351 4196 dictum
1434 4129 1437 4137 Δ

159 4235 341 4293 Totaoutem
359 4232 409 4290 illa
428 4235 622 4311 antiquissimu
642 4243 671 4292 et
684 4253 733 4292 no·
783 4235 820 4293 sit
847 4253 896 4309 pro
921 4231 1071 4314 Ἐκφάττφ
1093 4233 1112 4290 i.
1132 4249 1159 4291 e.
1188 4231 1265 4311 δέξαι
1290 4231 1352 4291 Ἐκ·

160 4338 219 4388 tntu
243 4328 407 4406 dignissima
427 4331 569 4406 inscriptio
585 4331 625 4388 uic
642 4329 734 4406 legen.
784 4331 894 4408 φάττῃ,
914 4327 948 4384 od
970 4327 1114 4404 Ecpkonto
1134 4325 1256 4400 occipe.''

162 4427 198 4484 dc
218 4437 260 4486 eut
281 4425 478 4501 proculdubio;
826 4420 835 4450 ¹
858 4422 997 4482 Weleker.
1012 4421 1108 4498 Spicii.
1123 4419 1184 4488 ult
1198 4439 1226 4496 p.
1237 4417 1269 4486 6.

288 4545 294 4556 '
918 4524 951 4590 T
969 4547 990 4588 'r
1196 4519 1199 4526 ’
