3196 5100
806 359 878 434 226
1143 404 1150 415 ·
1194 361 1350 456 [Cursu.
1369 363 1437 431 lli.

419 831 570 912 Cuius.
599 822 689 908 III.
744 827 871 908 Sucu.
899 823 963 906 ΙΙ.
1017 823 1171 907 lusca.
1198 823 1264 906 ΙΙ.

489 1049 727 1128 MARMOR
767 1047 1114 1125 umlNluNUM
1140 1049 1193 1122 ΙΙ.

654 1243 747 1309 ΤΑΒ.
769 1247 884 1317 XXVI,
906 1247 1039 1305 xxvn.

762 1447 896 1504 -φ-

497 1639 538 1704 Ρ.
554 1639 582 1702 Ι.
615 1639 735 1704 Osanu.
760 1663 793 1724 p.
808 1647 860 1704 50.
903 1637 1008 1704 P.11.
1038 1636 1086 1701 Id.
1114 1636 1196 1700 Ibid.

326 1778 423 1867 Hoc
463 1819 619 1869 marmor
654 1799 770 1894 (quod
806 1799 852 1870 ab
883 1807 1041 1892 utroque
1077 1797 1191 1870 latere
1226 1795 1320 1870 sicut
1354 1818 1446 1896 proe-

250 1923 385 1996 cedens
421 1922 633 2020 inscriptum
664 1926 734 2017 est)
771 1927 840 2000 hoc
879 1927 957 2022 ipso
986 1949 1083 1998 auno
1116 1924 1289 1998 Osannus
1315 1927 1447 2022 publici
1579 2009 1580 2026 χ

245 2053 341 2153 juris
366 2053 501 2150 primus
530 2053 629 2129 fecit.
682 2057 801 2131 Miror
832 2068 958 2130 autem*
988 2057 1170 2128 hominem
1206 2079 1324 2128 mcum
1363 2077 1448 2150 apo·
1579 2125 1580 2168 3

251 2186 430 2282 gruphum
462 2185 557 2279 apud
589 2209 627 2257 sc
652 2187 858 2273 habentem,
889 2208 958 2258 nec
990 2194 1112 2256 tamen
1137 2169 1216 2282 ejus
1243 2208 1312 2281 ope
1345 2205 1448 2268 suum
1579 2225 1580 2230 =

253 2297 461 2390 foedissimis
480 2316 619 2400 mandis
646 2317 782 2416 ubique
809 2328 951 2390 scatens
975 2317 1231 2415 corrigentem.
1283 2313 1448 2409 Exempli

250 2445 382 2542 gratia,
396 2444 431 2516 in
447 2443 563 2539 prima
580 2444 746 2516 columna
764 2469 872 2540 quam
886 2447 953 2519 iste
970 2447 1069 2550 (quae
1085 2456 1141 2518 est
1157 2444 1236 2542 ejus
1253 2443 1446 2542 sagacitas)
1579 2469 1580 2520 t

230 2574 449 2644 coeundam
478 2561 594 2652 vocat,
624 2573 787 2667 quamvis
817 2574 940 2648 inilia
968 2597 1098 2670 pauca,
1129 2575 1166 2645 iu
1191 2573 1449 2645 altercantem

252 2697 363 2792 longe
394 2697 496 2790 plura
523 2696 672 2768 donaria
701 2701 908 2786 recitantur,
938 2701 1060 2773 omisit
1089 2701 1128 2772 in'
1153 2699 1269 2794 prima
1297 2698 1394 2772 linea
1413 2701 1450 2772 ἐκ

256 2826 487 2908 Παναθηναίων
515 2823 548 2895 ἐς
582 2825 804 2908 Παναθήναια.
857 2827 901 2898 ln
937 2828 1097 2899 secunda
1129 2837 1243 2921 parte,
1284 2826 1321 2898 iu
1356 2826 1450 2898 linea

253 2951 360 3024 tertia
390 2951 512 3024 literas
541 2959 636 3026 Πολυ
666 2956 763 3027 haud
793 2955 903 3045 vidit;
944 2958 982 3054 iu
1007 2956 1104 3029 linea
1132 2953 1259 3052 quinta
1276 2978 1323 3027 ue
1343 2980 1448 3029 unam

255 3063 401 3179 quidem
429 3082 595 3168 literam
623 3085 659 3154 iu
678 3086 773 3168 linea
791 3085 943 3182 septima
971 3105 1095 3159 vocem
1125 3083 1252 3179 Λύχνος
1274 3057 1394 3156 omisit
1412 3095 1448 3156 ct

254 3200 369 3286 erud
403 3215 551 3310 ingenio
580 3215 700 3313 φιάλαι
727 3213 837 3287 dedit.
891 3208 998 3284 Plura
1027 3213 1190 3308 proferre
1222 3217 1446 3309 supersedeo.

258 3339 455 3410 Marmoria
480 3349 601 3411 autem
627 3340 745 3424 hiatus
763 3341 800 3411 in
823 3338 1003 3432 explendo
1026 3338 1122 3410 haud
1139 3338 1289 3412 feliciori
1307 3339 1447 3414 fortuna

257 3473 351 3543 usua'
372 3480 427 3541 cat
445 3494 552 3566 quam
584 3471 623 3544 in
653 3469 892 3544 exscribendo
928 3471 1089 3568 quamvis
1112 3493 1157 3544 eo
1179 3472 1285 3543 modo
1311 3473 1446 3560 feccrit,

173 3625 177 3632 ·
251 3599 371 3695 ¹quisi
397 3603 637 3686 recusasset,
664 3600 871 3708 nihil'esset
898 3600 1038 3674 facilius
1066 3622 1176 3696 quum
1202 3601 1448 3698 supplementa

255 3724 442 3834 expedire3
492 3726 600 3800 Haud
628 3729 911 3834 cuimcuudem
941 3731 1124 3806 literarum
1152 3753 1344 3808 numerum
1373 3755 1448 3806 um·

256 3856 364 3929 nibus
397 3855 502 3952 lindis
536 3858 600 3928 sed
632 3859 790 3934 diversos
822 3883 888 3955 pro
922 3860 1071 3934 arbitrio
1104 3858 1248 3934 tribuit!

331 3987 375 4057 ln
408 3969 477 4060 hoc
498 3958 690 4060 ¹murmure
720 4000 963 4064 recensentur·
981 3990 1132 4064 donaria
1159 3988 1197 4062 iu
1228 3989 1364 4063 Antico
1394 4015 1448 4064 aa·

255 4123 405 4191 servata.
425 4125 428 4131 “

332 4245 372 4317 Ρ.
393 4258 423 4314 1.
444 4245 466 4315 i.
487 4259 542 4330 19.
585 4243 678 4332 Quae
703 4244 762 4317 hic
787 4244 932 4341 ponitur
956 4269 1026 4318 vox
1045 4240 1250 4334 Καλκιδαων,
1274 4242 1313 4316 in
1335 4243 1446 4318 latere
1579 4249 1580 4280 ¹

254 4376 368 4447 altero
386 4382 533 4468 'semper
550 4373 736 4445 omittitur.
