3196 5100
159 353 326 422 lusca.
352 354 425 434 vt]

232 944 246 958 ·
358 916 513 999 Otlss.
542 917 634 1002 III.
690 917 817 1000 Suom.
846 918 913 1002 11.
966 917 1121 1006 lusca.
1149 921 1232 1002 VI.

676 1165 768 1221 TAB.
793 1165 906 1220 XXXl.

714 1385 857 1428 ...4-

504 1573 673 1640 Cllandler.
699 1578 786 1642 Pars.
813 1577 858 1640 ll.
898 1579 998 1643 Inscr.
1021 1585 1073 1650 27.

261 1727 351 1817 H1c
378 1745 467 1840 lapis
486 1755 524 1817 et
547 1769 567 1816 a
593 1746 713 1818 fronte
741 1758 778 1820 et
801 1747 847 1818 ab
868 1759 1024 1845 utroque
1053 1749 1166 1821 latere
1191 1749 1391 1851 ‚inscriptus

167 1884 234 1946 est
247 1903 260 1960 ;
289 1875 382 1946 adeo
404 1885 523 1946 autem
551 1875 696 1948 mutilus
721 1887 759 1947 ut
778 1875 866 1947 nihil
884 1877 954 1948 nisi
977 1901 998 1949 e
1023 1876 1142 1950 fronte
1161 1881 1239 1952 erui
1265 1884 1390 1977 possit¹

168 2005 320 2078 Forma
335 2001 575 2100 jurisjurandi
595 2002 644 2073 ibi
667 2003 860 2073 traditura
880 2003 1204 2077 Scambonidarum
1229 2008 1391 2082 ministro

169 2135 356 2234 quodam,
387 2141 428 2202 ut
450 2128 605 2214 videtur,
638 2130 847 2224 praestantli.
900 2131 982 2228 Ego
1015 2134 1095 2203 haec
1118 2135 1164 2204 ad
1187 2135 1386 2210 Demarchi

170 2286 319 2338 munus
336 2261 520 2358 pertinere
542 2260 722 2344 existimo,
740 2281 824 2330 cum
843 2262 889 2332 de
905 2261 1075 2356 pecunia,
1096 2273 1135 2334 ut
1154 2263 1306 2352 videtur,
1329 2269 1390 2352 hic

47 2404 54 2412 '
170 2401 327 2492 agatur.
356 2391 413 2462 lta
429 2389 524 2462 enim
537 2393 582 2463 de
597 2373 813 2464 Demalchis
823 2388 947 2462 Julius
959 2389 1088 2464 Pollux
1104 2391 1128 2462 ¹.
1157 2393 1392 2492 τᾶςεὶσφαράε

173 2525 245 2602 vde
268 2525 354 2596 nard
371 2519 488 2610 δήμους
512 2519 771 2621 διεχειροτόνονν
795 2523 888 2595 οὗτοι
918 2526 971 2595 καὶ
992 2524 1038 2594 τά
1066 2523 1105 2616 ἐξ
1124 2525 1236 2599 αὐτῶν
1261 2526 1391 2600 ἀναλώ-

172 2688 288 2738 ματα.
346 2654 509 2728 Tabulas
538 2677 684 2751 quoque
711 2653 915 2728 debitorum
943 2655 1159 2743 tractabant,
1195 2667 1233 2728 et
1254 2682 1278 2730 a
1308 2659 1388 2731 reli-

174 2786 396 2880 quatoribus
431 2785 583 2882 pignora
616 2763 845 2878 capieban't'.
908 2783 1044 2856 Eadem
1079 2788 1227 2857 tradunt
1259 2811 1387 2863 omnes

175 2913 491 3013 Lexicogmphl³.
560 2914 667 3001 Quod
706 2923 780 2983 tres
816 2911 919 2983 Deos
951 2912 1095 2996 attinet,
1139 2913 1225 2984 satis
1256 2927 1385 2988 notum

175 3058 239 3120 est
255 3045 367 3118 veteri
396 3042 540 3113 Solonis
566 3042 649 3137 lege
678 3052 751 3111 tres
778 3037 937 3109 sancitos
963 3061 1044 3108 esse
1072 3040 1173 3111 Deos
1196 3065 1262 3136 per
1291 3068 1385 3137 quos

167 3176 302 3274 jurave
353 3168 490 3241 liceret.
540 3165 677 3246 ,Julius
725 3161 892 3238 Pollux⁴.
962 3169 1054 3261 τρεῖς
1104 3168 1207 3241 Θεοῦς
1254 3169 1385 3252 ὀμνύναι

174 3304 306 3380 κελεύει
327 3303 450 3385 Σόλων,
474 3301 616 3388 Ἱκέσιον,
646 3299 848 3395 Καθᾶρσιον,
877 3297 1145 3394 Ἑξακεστήριον.
1194 3299 1385 3374 Valeslu8⁸

178 3449 280 3513 recte
314 3435 463 3507 Graeeos
494 3455 562 3528 per
600 3441 673 3503 tres
709 3429 809 3503 Deos
835 3429 981 3526 jurasse
1022 3429 1084 3499 sed
1124 3453 1196 3501 non
1235 3433 1380 3504 eosdem

178 3570 315 3666 ubique
342 3574 452 3637 notat.
506 3563 768 3657 Aristophanes
793 3557 923 3632 lovem
955 3556 1183 3631 Mercurium
1212 3570 1249 3631 et
1274 3558 1381 3656 Nep-

177 3719 307 3778 tunum
343 3700 538 3774 nominat⁶.
592 3697 882 3770 Demosthenes⁷
917 3692 1064 3780 lovem,
1103 3694 1306 3788 Apollinem
1342 3709 1383 3773 et

180 3836 401 3919 Minervam,
432 3830 553 3904 etalii
582 3827 682 3902 alios.

219 4055 228 4088 ¹
250 4056 308 4115 lut.
333 4053 404 4112 Poll.
430 4055 536 4110 Onom.
562 4051 648 4108 Vlll.
670 4067 696 4108 c.
719 4055 748 4116 9.
799 4051 910 4118 §.142

179 4157 201 4224 ς.
221 4157 288 4211 108.
840 4163 852 4198 s
870 4142 967 4203 Vales.
983 4143 1017 4199 ad
1035 4139 1163 4217 Hesycb.
1178 4143 1206 4198 ln
1217 4161 1295 4201 voce.

219 4248 232 4280 ²
252 4247 364 4304 Reines.
379 4247 451 4303 Var.
467 4243 545 4302 Lect.
562 4241 615 4301 lll.
634 4239 681 4300 16.
757 4253 762 4264 '
840 4239 852 4270 ⁸
873 4239 1022 4314 Aristoph.
1048 4237 1125 4299 Nub.
1155 4241 1243 4304 1237.
1269 4239 1315 4298 ubi
1339 4238 1375 4297 ct

218 4343 230 4388 l
250 4341 294 4402 Cf.
311 4341 407 4402 Schol.
422 4340 568 4413 Aristoph.
583 4337 662 4396 Nub.
677 4345 725 4404 37.
803 4334 910 4408 Spanh.

219 4438 229 4466 ⁴
251 4437 309 4499 lul.
337 4437 407 4498 Poll.
430 4437 535 4496 Onom.
552 4435 638 4495 Vlll.
662 4455 685 4493 c.
705 4441 751 4492 12·
842 4431 852 4462 ²
872 4431 1023 4492 Demosth.
1038 4451 1063 4488 c.
1076 4431 1156 4492 Med.
1172 4451 1199 4506 p.
1212 4436 1282 4497 409.

915 4539 925 4600 l
950 4560 958 4600 t
