3218 5116
175 361 308 430 lusca.
331 357 442 438 vltt.]
746 347 812 427 161

175 537 383 634 simplicio
408 545 581 634 posuerat
610 533 772 630 (uena.
798 533 847 608 11.
880 511 977 625 mn:
1011 531 1074 628 qu
1106 527 1378 604 aceessum

112 769 115 776 .
176 667 341 764 pbsllicis
364 691 409 742 eo
436 666 567 754 differt,
593 668 692 765 quod
719 665 809 740 nihil
836 686 959 761 neque
984 663 1117 736 furoris
1142 685 1263 760 neque
1281 683 1376 758 mys-

177 797 261 874 terii
294 799 534 898 religionibus
565 799 646 897 ejus
673 798 871 874 adnrixtum
899 807 965 870 est.
1017 796 1089 870 Sed
1121 795 1238 872 mirari
1269 795 1379 880 subit,

177 939 332 1024 quantas
366 929 584 1002 mutationes
619 928 789 1002 habuerit
822 927 938 1002 torma
973 924 1045 1011 dei,
1081 935 1119 998 et
1149 924 1250 1023 quasi
1287 947 1373 998 casu

177 1057 302 1133 facus.
354 1059 448 1135 Cum
475 1058 572 1130 enim
596 1059 643 1132 sd
667 1058 758 1130 mala
787 1057 927 1153 quaeuis
952 1057 1228 1130 averruncandu
1251 1055 1289 1128 in
1308 1054 1376 1128 viis

178 1205 216 1266 et
247 1195 387 1270 loribus
420 1203 640 1292 poneretur:
689 1217 898 1290 praeconum
932 1202 969 1266 et
1004 1189 1212 1267 nuntiorum
1245 1210 1379 1286 praeses

177 1332 294 1406 fectus
326 1341 392 1404 est.
462 1324 577 1400 Hauc
607 1349 668 1398 ars
702 1325 885 1422 antiquior
919 1323 1130 1398 efformabant
1161 1332 1377 1420 petasatum,

177 1462 371 1536 barbatum
394 1458 700 1557 (σφηνοπόγωνα),
728 1456 900 1530 membris
918 1457 1076 1533 validum
1094 1467 1132 1532 et
1153 1455 1379 1555 quadratum.

180 1590 287 1664 lllum
314 1597 437 1660 autem
465 1585 660 1683 phallicum
688 1587 808 1674 deum,
837 1595 877 1658 ut
903 1586 1016 1660 robur
1040 1595 1078 1658 et
1101 1584 1228 1658 florem
1245 1584 1381 1682 juveu-

179 1721 269 1796 tutis
297 1729 463 1819 augeret,
491 1718 771 1793 Atheniensium
802 1717 922 1814 prisca
956 1717 1074 1814 pietas
1104 1714 1280 1814 palaestris
1314 1737 1380 1810 ap·

179 1849 334 1950 posuit¹.
387 1849 463 1924 Ubi
496 1861 687 1946 tantopere
721 1873 829 1946 cursu
866 1859 904 1922 et
933 1848 1031 1924 lucta
1064 1850 1209 1948 gavisus
1239 1857 1305 1938 est,
1341 1857 1381 1921 ut

179 1983 325 2058 undem
356 1981 435 2078 ipse
470 1979 792 2078 quinquertionum
824 1977 940 2050 exiret
971 1979 1133 2054 omnium
1168 1979 1261 2054 idem
1301 1981 1384 2077 pul-

179 2115 383 2190 cherrimus
405 2122 443 2182 et
466 2106 846 2204 pt·oestantissimus⁹.'¹
1347 2115 1353 2128 '

242 2252 344 2323 “His
358 2249 446 2322 locis
459 2247 670 2320 versabatur
685 2269 835 2340 serpens
850 2243 972 2342 templi
991 2256 1124 2334 custos,
1136 2253 1278 2347 οἰκουρός
1291 2251 1382 2350 ὄφις,

179 2387 288 2486 cujus
305 2380 494 2458 latibulum
517 2376 736 2477 lpdnavhor³.
790 2379 826 2454 Is
852 2377 936 2452 cum
954 2379 1032 2478 ipse
1049 2387 1239 2476 putaretur
1255 2380 1386 2452 Erich-

183 2523 332 2599 thonius
374 2518 553 2617 (similitec
585 2516 747 2594 Cadmus
779 2520 815 2594 in
861 2520 940 2594 aede
982 2518 1128 2592 Cereris
1166 2507 1386 2592 domicilium

180 2653 340 2729 habebat
370 2661 496 2747 atque,
522 2673 604 2724 cum
633 2651 741 2724 homo
767 2673 848 2724 esse
882 2648 1062 2735 desiisset,
1090 2650 1201 2722 draco
1228 2646 1381 2743 hebct):

184 2811 323 2862 summa
346 2784 483 2882 pietate
510 2783 628 2858 cultus
656 2783 811 2880 singulis
826 2784 1020 2870 ¹mensibus
1047 2782 1224 2878 placentis
1249 2783 1386 2860 melleis

186 2917 463 3014 (pehtrodrran)
491 2913 703 2984 suavissimo
738 2913 867 2988 eodem
899 2924 936 2983 et
963 2910 1156 3006 purissimo
1187 2909 1283 3002 cibo,
1310 2918 1388 3014 pla.

184 3047 368 3124 cubatur⁴.
422 3041 506 3138 Ipsa
527 3062 610 3112 eum
628 3036 784 3110 Palladis
809 3037 975 3110 sacerdos
994 3040 1180 3142 nutriebat
1189 3041 1214 3118 ⁵.
1265 3042 1384 3133 Quem

185 3168 465 3252 Erichthonium
495 3177 534 3240 ut
561 3189 672 3263 supra
699 3187 781 3240 cum
814 3163 901 3238 satis
931 3165 1085 3256 tenellis,
1112 3170 1263 3249 deorum
1291 3172 1386 3268 cccli,

225 3439 235 3474 ¹
260 3435 300 3491 V.
320 3449 467 3505 mmmam
487 3451 534 3508 ap.
558 3431 687 3491 Visconl.
713 3433 763 3493 Pio
814 3435 1024 3507 Taprourorolr
1040 3437 1079 3496 ll.
1090 3457 1118 3514 p.
1132 3445 1180 3500 54.
1197 3439 1246 3501 ΒΓ.

188 3531 236 3589 Cl.
257 3529 294 3585 T.
306 3525 347 3584 ll.
365 3537 406 3585 tv.
418 3543 482 3602 agg.
497 3545 524 3584 a.
557 3525 714 3585 collection
728 3530 764 3586 de
853 3529 865 3564 ⁴
886 3531 993 3594 Herod.
1006 3527 1091 3596 Vlll.
1105 3543 1155 3598 41ἀ
1170 3554 1235 3597 cum
1245 3533 1388 3598 Valcken.

188 3625 475 3694 Cboiseul·Goutiier,
490 3643 518 3698 p.
535 3630 584 3683 84.
599 3635 627 3682 et
641 3623 690 3684 att.
813 3624 858 3686 ἔτι
881 3627 925 3685 καὶ
948 3629 999 3686 νῦν.
1022 3629 1155 3691 Philostr.
1178 3635 1255 3697 leon.
1277 3635 1317 3696 ll.
1339 3635 1387 3702 17.

228 3725 242 3753 ²
263 3725 358 3783 Iliadis
373 3729 465 3799 po'etae
481 3732 526 3781 est
544 3741 661 3802 gregum
680 3735 763 3794 tutor,
815 3739 843 3795 p.
859 3725 926 3787 837.

189 3819 329 3902 ἐριούνιος,
345 3820 392 3877 sed
407 3817 662 3899 etiambio'mpor.
685 3819 765 3878 lovis
855 3813 922 3875 ‘ln
960 3817 1121 3896 anaglypho
1159 3819 1254 3896 figlino
1293 3821 1389 3881 Musei

191 3919 303 3974 nocuus
312 3915 439 3974 maxime
448 3914 611 3973 occurritin
624 3914 767 3992 Odyssea.
817 3915 971 3974 Britannici
996 3917 1118 3992 (Combe
1144 3918 1322 3976 Terracottes
1348 3917 1388 3994 pl.

190 4009 396 4094 Ῡυχοπομπδν
438 4009 526 4080 nouit,
569 4009 617 4085 qui
663 4009 767 4068 librum
818 4017 880 4087 28.)
924 4013 1046 4072 Poliadis
1074 4015 1203 4072 sacerdos
1228 4021 1387 4089 serpentem

192 4125 294 4167 xxxv.
321 4108 437 4168 addidit.
494 4106 534 4166 V.
559 4106 666 4181 Spobn.
690 4127 768 4166 com·
818 4123 930 4181 pascere
945 4109 1061 4170 uidetur.
1104 4109 1137 4166 ln
1156 4107 1295 4165 sacrificio
1316 4106 1392 4165 Pou-

191 4210 282 4264 ment.
305 4203 341 4268 ,de
365 4213 493 4262 extrema
520 4201 660 4280 odysseae
688 4215 767 4280 parte
818 4202 864 4260 adi
897 4203 991 4264 oblato
1027 4207 1124 4263 eadem
1159 4205 1310 4276 columnae,
1345 4205 1392 4262 cui

191 4321 221 4378 p.
230 4297 338 4378 th‘sq.
378 4303 432 4362 Sed
453 4301 599 4378 palaestras
615 4301 698 4379 plane
712 4321 768 4362 non
819 4297 983 4359 Palladium
1021 4301 1194 4377 impositam,
1226 4299 1395 4360 circumvol-

193 4395 357 4474 ematcpnd
372 4397 541 4458 Homerum.
818 4395 903 4476 uitur,
940 4397 964 4454 si
1001 4407 1076 4454 recte
1113 4389 1265 4471 explicavit
1299 4395 1393 4454 Petit·

234 4485 246 4518 ⁸
265 4487 393 4568 Etymol.
406 4489 576 4576 Apo'nomoc
592 4509 608 4550 e
623 4489 769 4566 Sophoclis
819 4487 1069 4551 umehushtosee
1075 4489 1182 4587 Napol.
1195 4487 1293 4554 MV.
1307 4495 1392 4568 p.33.

785 4593 820 4662 X
