3196 5100
805 366 877 426 220
940 382 943 390 ¹
1192 357 1342 443 [Cusas.
1367 357 1427 425 111.

230 534 380 632 praebet.
432 532 526 605 Cum
542 531 581 604 iu
600 532 761 605 secunda
776 541 877 628 parte
897 529 1097 626 Pythodori
1123 531 1259 602 mentio
1281 529 1428 615 incidat,

229 666 458 738 Chandlerus
481 665 527 736 ad
555 688 692 737 annum
719 662 766 734 ab
799 659 1083 734 Atheniensibus
1099 661 1279 759 Ἀναρχὶαν
1295 661 1428 735 dictum

120 879 125 888 ,
228 821 302 895 quo
339 797 567 896 Pythodorus
605 797 754 870 Archon
788 807 897 880 esset,
932 793 1160 868 referendum
1193 807 1306 892 potat.
1361 797 1429 893 Py-

229 923 401 996 thodorus
433 933 554 996 autem
590 922 729 1022 liquido
766 924 801 994 in
844 945 1022 994 marmore
1058 929 1183 1001 Tantas
1219 921 1427 1020 appellatur,

227 1077 341 1150 quare
377 1053 455 1128 fieri
491 1055 588 1128 haud
620 1055 749 1152 potuit,
790 1065 830 1127 ut
864 1079 948 1128 vere
988 1053 1186 1143 Biickhius,
1228 1065 1268 1128 ut
1302 1057 1426 1128 eodem

225 1209 323 1258 anno
366 1186 514 1260 Archon
553 1197 658 1259 esset.
716 1183 788 1258 Sed
826 1210 906 1258 cum
949 1185 985 1255 iu
1030 1183 1126 1258 linea
1167 1185 1271 1258 tertia
1316 1184 1427 1258 literae

225 1324 285 1388 ‹bO
315 1328 521 1406 occurrant,
561 1313 814 1390 Chandierus¹
850 1338 1080 1411 earum‘ope
1116 1339 1216 1387 suam
1257 1314 1427 1410 temporis

225 1449 519 1524 constitutionem
559 1460 692 1523 tuetur.
760 1449 977 1550 “Ejusdem
1017 1451 1104 1522 anni
1152 1465 1311 1523 extrema
1351 1449 1426 1522 sere

225 1595 325 1680 parte
374 1583 611 1656 Atheniensis
653 1607 676 1654 a
720 1582 910 1681 Lysandro
955 1581 1234 1656 [acediemonio
1277 1581 1424 1668 obsessi,

226 1715 354 1788 urbem
398 1715 600 1802 dederunt;
642 1715 760 1812 iisque
795 1713 932 1812 Ephori
971 1728 1057 1788 sunt
1094 1715 1264 1812 impositi.
1324 1715 1424 1812 (Lys.

228 1845 331 1918 Orat.
366 1845 457 1940 XI.)
518 1845 616 1918 Hinc
652 1845 790 1944 Ephori
830 1847 1134 1946 {(E)d>O(POl)t
1173 1847 1210 1919 in
1254 1871 1426 1920 marmore

226 1991 336 2076 atque
358 1979 429 2054 alia
452 1979 623 2076 temporis
641 1991 737 2068 nota,
764 1959 985 2056 Anaxicrate
1004 1981 1071 2053 sub
1097 1979 1287 2080 Lysandro
1303 2006 1422 2055 arcem

225 2115 396 2200 teuente;
423 2112 640 2209 iterumque,
667 2113 866 2211 ipso'quasi
884 2113 1102 2210 posthabito,
1129 2115 1258 2187 scribae
1281 2137 1423 2188 nomen.

227 2249 437 2340 Quaestores
466 2248 723 2335 Athenienses,
750 2273 833 2345 quae
860 2249 927 2321 sub
958 2248 1169 2346 Pythodoro
1194 2260 1420 2348 acceperant,

227 2379 517 2456 lntedaemoniis
551 2379 792 2476 quaestoribus
826 2377 1063 2463 tradiderint;
1106 2379 1141 2450 hi
1177 2403 1276 2470 vero
1296 2378 1425 2478 Quaes-

229 2507 378 2590 toribus,
419 2508 551 2604 quibus
593 2507 781 2580 commissa
825 2506 893 2579 fuit
929 2505 1048 2580 aerarii
1087 2507 1285 2582 custodiar
1355 2505 1423 2580 Sed

225 2637 383 2732 Ephorts
410 2635 479 2708 iltis
502 2635 744 2732 proculdubio
773 2635 862 2708 nihii
892 2649 970 2709 erat
995 2663 1076 2710 cum
1100 2639 1229 2726 reditu,
1256 2635 1422 2737 vectigali

225 2766 283 2840 vel
316 2768 446 2868 opibus
485 2770 775 2844 Atheniensium.
847 2770 1003 2845 Nullum
1045 2798 1133 2847 sane
1168 2773 1371 2870 exemplum
1403 2797 1423 2843 e

225 2896 373 2974 Gracia
406 2900 560 2998 proferri
600 2914 719 2999 potest
757 2903 820 2978 ubi
854 2903 1033 3004 ejusmodi
1068 2905 1239 2980 ditionem
1274 2907 1423 2980 victores

224 3031 293 3104 sihi
324 3032 600 3108 vindicaverint.
656 3035 812 3110 Minime
841 3048 882 3109 ut
908 3036 994 3110 satis
1020 3035 1136 3133 liquet
1161 3063 1208 3111 ex
1225 3038 1306 3111 aliis
1322 3061 1423 3126 ¹mnr-

226 3168 386 3240 moribus
410 3168 610 3268 iegendum
634 3194 716 3242 cum
744 3159 952 3246 Chnndiero
978 3171 1016 3243 in
1032 3169 1141 3244 dinen
1166 3171 1270 3245 tertia

491 3289 1161 3420 somersnmmouepomor)

224 3481 287 3554 sed
309 3489 872 3596 uototrnmrnutotrxyoo
898 3487 948 3562 ita
976 3502 1015 3564 ut
1040 3493 1154 3565 titerae
1178 3501 1244 3572 00
1272 3492 1422 3567 nominis

225 3617 362 3690 Scribae
382 3616 526 3689 initium
546 3618 628 3690 sint.
680 3619 732 3692 Ut
758 3619 794 3691 in
816 3621 894 3696 aliis
917 3623 1170 3712 marmoribus,
1197 3625 1257 3700 hic
1281 3647 1423 3726 quoque

226 3746 364 3860 eudem
395 3769 452 3819 res
483 3745 617 3846 saepius
646 3763 891 3826 memorantur
902 3781 912 3839 ;
957 3754 1052 3826 unde
1075 3753 1216 3831 laeunae
1246 3757 1425 3856 plerasque

224 3877 385 3976 suppleri
413 3889 578 3975 possunt.

301 4009 375 4084 Sed
405 4011 441 4083 in
469 4009 525 4084 his
553 4011 687 4086 mutiiis
717 4015 966 4109 marmoribus,
995 4021 1159 4120 quamvis
1192 4021 1312 4096 omnia
1341 4033 1428 4096 nota

225 4148 310 4238 sint,
341 4148 591 4245 supplementa
617 4149 802 4249 injiciendi
829 4178 919 4253 opus
950 4161 1163 4256 periculosae
1193 4161 1339 4257 plenum
1373 4169 1428 4234 est

226 4271 326 4350 aiere.
358 4273 574 4373 sculptores
593 4279 690 4352 haud
704 4303 847 4379 semper
859 4280 897 4356 in
915 4286 1186 4362 scribendosibi
1198 4288 1427 4362 constabunt.

637 4469 646 4502 ²
669 4472 793 4536 Chandl.
809 4473 881 4553 Syn.
896 4497 925 4554 p.
940 4493 1012 4538 xri.
