3158 5104
172 403 427 512 mesina]

475 903 627 986 Ocres.
644 901 709 986 ΙΙ.
738 902 890 1036 lusca.
906 903 1028 986 xlv.

399 1127 723 1204 naamon
783 1076 1126 1216 slcunum

585 1344 677 1402 ΤΑΒ.
698 1343 768 1402 x11.
810 1344 883 1404 Fre.
906 1347 929 1406 1.

687 1549 834 1590 «4-

237 1775 388 1863 Exnrn
414 1783 565 1884 hujusce
598 1783 785 1858 marmoris
815 1786 1029 1884 apographo
1058 1786 1210 1859 donatus
1234 1809 1361 1859 suma

160 1910 311 1996 'I'homa
327 1915 470 2013 Thorp,
495 1915 649 2016 Collegii
668 1916 736 1990 SS.
753 1916 860 1990 Trin.
890 1915 1010 2007 Socio,
1038 1918 1102 2015 qui
1119 1937 1258 1992 summa
1281 1919 1361 1992 dili·

158 2054 288 2156 gentia
306 2075 376 2124 nec
402 2051 530 2130 minori
552 2051 726 2141 doctrina,
752 2031 959 2151 hujusmodi
978 2052 1161 2149 reliquias,
1184 2055 1269 2126 dum
1294 2079 1362 2150 per

159 2184 324 2260 Siciliam
350 2182 419 2254 iter
448 2179 596 2272 faceret,
622 2180 852 2277 conquisivit.
906 2180 1017 2254 Extat
1047 2183 1143 2279 apud
1177 2183 1359 2260 Batonem

158 2315 306 2404 Judicu‚
340 2314 387 2386 ab
431 2314 493 2388 illo
529 2313 628 2387 iuter
666 2313 832 2411 scpulcra
869 2333 988 2410 prope
1027 2299 1161 2390 ruinas
1182 2323 1359 2414 Acratum

158 2453 273 2553 (haud
308 2448 435 2546 procul
467 2472 489 2519 a
524 2427 606 2521 uico
639 2445 885 2540 Paiozzuolo)
923 2460 1116 2545 repertum.
1180 2451 1360 2528 Marmori

157 2567 341 2659 larissaeo
365 2582 532 2678 proxime
556 2577 804 2679 subjecissem,
831 2604 913 2654 cum
937 2579 1064 2652 eodem
1093 2581 1199 2653 modo
1222 2592 1360 2654 utrum-

159 2743 231 2818 que
276 2719 450 2814 scriptum
488 2714 665 2802 videatur,
708 2727 746 2787 at
789 2715 935 2788 nonnisi
979 2723 1061 2810 post
1109 2715 1359 2810 praeccdentes
1444 2702 1449 2711 ⁶

157 2849 312 2948 paginas
341 2846 442 2942 prelo
469 2845 651 2946 subjectos
676 2868 699 2917 a
723 2843 891 2942 ft'horpio
917 2843 1056 2942 accepi.
1111 2843 1267 2943 Liquido
1298 2846 1357 2920 hic

155 2981 329 3085 leguntur

526 3087 639 3156 ΥΣΙΣ
665 3088 733 3157 ΗΟ
753 3088 986 3157 ΤΙΜΑΔΟΥ

722 3227 746 3302 i.
763 3253 794 3302 e.

598 3377 690 3454 'Yorc
715 3377 735 3452 ὁ
760 3374 913 3461 Teucrion.

155 3543 371 3620 Notandum
397 3555 452 3619 est
476 3546 711 3648 Epigraphen
738 3548 785 3622 sb
815 3546 978 3621 inferiori
1004 3548 1101 3622 linea
1122 3548 1291 3648 incipere,
1317 3567 1356 3630 et

154 3689 283 3774 postea
300 3679 515 3776 sculptorem
537 3683 627 3777 (que
641 3691 782 3754 veteres
800 3703 895 3776 saepe
911 3678 1015 3753 fuere
1031 3682 1068 3753 in
1086 3682 1278 3758 scribendo
1290 3694 1356 3757 aut

155 3809 297 3885 incuria
312 3822 378 3883 aut
400 3810 559 3892 leuitate)
584 3823 657 3884 tres
676 3811 818 3885 ultimos
835 3811 971 3885 litteras
990 3811 1027 3885 in
1049 3811 1224 3910 superiori
1244 3813 1352 3903 linea,

155 3943 275 4042 lapide
302 3943 470 4018 deorsum
499 3966 617 4033 uerso,
641 3943 839 4040 scripsisse.
892 3942 1093 4045 Nunquam
1122 3944 1192 4021 nisi
1215 3945 1253 4022 in
1281 3947 1352 4022 hoc

155 4073 274 4172 lapide
299 4073 412 4148 latera
434 4073 602 4171 aspimtae
635 4078 674 4160 Ε
699 4091 841 4148 sursum
870 4076 1048 4172 producta
1073 4076 1157 4154 vidi.
