3196 5100
246 369 317 436 tte
648 377 988 432 rnoaruorrsrrt.
1202 357 1352 444 [Cares.
1381 361 1454 426 111.

248 527 398 626 patebit.
462 523 703 601 Statuendum
718 522 726 540 ⁴
744 548 835 624 ergo
873 523 1004 614 forsan,
1038 523 1102 598 has
1139 543 1248 596 voces
1284 522 1455 596 diversas

247 657 371 754 templi
415 667 537 752 partes
577 657 761 730 denotare.
813 654 894 729 Alia
931 663 1052 728 autern
1091 654 1137 726 de
1178 651 1455 748 Opisthodomo

246 787 373 862 incidit
419 786 583 884 questio.
645 785 766 886 Vulgo
812 786 1014 885 loquuntur
1059 783 1364 880 Opisthodomum
1413 782 1455 854 in

247 939 320 1014 quo
342 916 552 990 serrabatur
578 917 695 990 omnis
715 916 991 991 Atheniensium
1015 914 1172 1014 pecuma
1200 911 1456 992 Parthenonis

246 1071 326 1122 esse
374 1046 565 1144 posticum.
635 1045 743 1138 Quod
791 1055 911 1120 tamen
951 1043 1081 1130 falsum
1122 1066 1201 1118 esse
1240 1043 1455 1128 ostendere,

247 1183 302 1277 (ut
332 1191 430 1258 recte
459 1180 648 1274 Osannus)
677 1177 897 1254 Wiikinsius
911 1176 936 1264 ¹,
964 1189 1001 1251 et
1029 1176 1255 1252 Dodweiiius
1266 1173 1290 1248 ².
1336 1175 1453 1272 Opis·

245 1309 441 1388 thodomus
476 1311 622 1411 quidem
667 1311 758 1392 eiius
797 1321 876 1386 erat
917 1309 1174 1396 Parthenonis,
1212 1309 1303 1384 alius
1336 1309 1452 1406 Opis-

170 1457 173 1469 *
245 1442 438 1520 thodomus
462 1446 609 1544 proprie
632 1448 689 1521 ita·
705 1449 822 1521 dictus
842 1447 917 1522 sive
939 1445 1221 1521 Atheniensium
1241 1447 1454 1520 aerarium³.

247 1573 324 1648 Hic
337 1600 388 1649 sc.
398 1586 498 1652 extra
516 1576 751 1654 Parthenone
763 1587 853 1666 erat,
869 1576 907 1650 in
924 1575 1041 1650 media
1054 1599 1141 1651 arce
1152 1577 1240 1652 situs
1255 1587 1293 1656 et
1309 1575 1451 1676 duplici

243 1733 347 1786 muro
366 1710 535 1787 munitus.
563 1710 670 1786 Falso
686 1721 821 1800 auteur,
841 1734 898 1784 me
907 1711 1047 1810 judice,
1065 1711 1157 1787 adeo
1177 1719 1343 1805 apertum
1365 1733 1448 1784 esse

248 1839 550 1938 Opisthodomum
594 1839 838 1914 Parthenonis
880 1841 989 1914 docet
1032 1839 1205 1914 Osannus
1242 1849 1284 1912 ut
1323 1839 1360 1912 in
1408 1862 1453 1914 eo

247 1971 407 2048 thesauri
439 1981 518 2044 tuto
545 1970 653 2050 condi
681 1969 889 2069 nequirent.
941 1970 1000 2048 Ex
1028 1969 1265 2067 inscriptione
1291 1971 1450 2067 quadam

248 2103 344 2201 apud
376 2103 649 2178 caenulento*
674 2101 818 2200 aliquos
846 2104 883 2179 in
913 2101 1156 2178 Parthenonis
1183 2100 1451 2199 Opisthodomo

246 2235 438 2312 thesauros
469 2246 671 2310 asservatos
712 2259 792 2310 esse
826 2235 966 2334 judico.
1038 2235 1095 2308 lbi
1131 2233 1229 2310 enim
1268 2233 1449 2330 imprimis

248 2367 288 2462 in
322 2367 556 2453 Parthenone
593 2369 631 2464 (i.
665 2394 699 2442 e.
732 2369 820 2444 cella
853 2367 994 2467 tempii)
1032 2366 1171 2442 conditi
1206 2366 1366 2440 thesauri
1395 2389 1449 2438 re·

249 2510 458 2590 censentur,
493 2509 620 2597 postea
656 2514 778 2575 autem
826 2502 890 2598 qui
938 2504 974 2576 in
1020 2503 1282 2598 Opisthodomo
1327 2524 1447 2574 serra-

246 2635 393 2706 bantur.
445 2631 658 2706 Thesauros
692 2643 814 2706 eutem
849 2631 887 2704 in
921 2635 1073 2708 diversis
1107 2633 1246 2708 edibus
1282 2635 1448 2709 conditos

246 2765 285 2844 in
326 2765 454 2840 eodem
499 2787 675 2844 marmore
718 2767 913 2840 recensitos
961 2793 1041 2842 esse
1083 2769 1169 2845 mihi
1215 2770 1312 2842 haud
1357 2768 1448 2844 reri·

108 2975 112 2986 „
247 2897 364 2979 simile
407 2899 562 2986 videtur,
606 2923 673 2982 uec
715 2900 793 2998 ejus
837 2903 945 2976 moris
988 2903 1135 3002 aliquod
1179 2905 1371 3006 vestigium
1407 2904 1442 2978 iu

248 3031 488 3110 marmoribus
523 3033 842 3130 deprehendimus.
911 3033 955 3107 ln
993 3034 1262 3132 Opisthodomo
1301 3036 1443 3136 pubiico

248 3159 474 3234 condebatur
518 3163 578 3252 (ut
622 3185 731 3258 supra
769 3189 790 3236 e
823 3163 1073 3259 Demosthene
1107 3165 1351 3259 probavimus)
1383 3161 1441 3237 diu

121 3271 126 3280 ³
246 3297 333 3375 ante
367 3289 445 3386 ejus
488 3302 664 3386 tempora,
692 3292 811 3364 omnis
847 3315 928 3364 cum
972 3292 1152 3367 Minervae
1186 3304 1261 3366 tum
1294 3292 1439 3366 aliorum

249 3414 413 3494 Deorum
458 3420 623 3514 pecunie.
676 3421 816 3506 Forsan
862 3445 1005 3519 semper
1038 3422 1072 3496 in
1113 3447 1158 3498 eo
1200 3421 1279 3496 ioco
1312 3423 1441 3494 conde·

248 3547 368 3638 betur.
439 3547 635 3650 Nusquam
669 3555 765 3632 enim
799 3554 836 3626 in
881 3553 937 3626 his
978 3531 1214 3640 marmoribus
1254 3551 1439 3652 pecuniam

249 3693 480 3776 memoratam
512 3685 630 3760 video.
683 3686 786 3761 Maie
819 3711 909 3787 ergo
940 3687 1135 3761 Osannus⁵
1163 3699 1301 3786 partem
1330 3707 1441 3758 sacra·

247 3793 330 3884 rum
359 3814 596 3907 pecuniarum
624 3818 662 3898 in
689 3817 812 3894 antico
838 3830 875 3892 et
905 3820 1140 3895 Parthenone
1165 3829 1343 3893 serratam
1368 3839 1441 3892 esse

248 3943 345 4018 dicit.
398 3947 533 4024 Omnia
558 3961 678 4026 autem
705 3953 899 4041 ἀναθήματα
928 3956 1001 4035 suis
1027 3979 1170 4053 semper
1193 3943 1340 4054 templis
1366 3954 1442 4030 reii-

249 4077 370 4200 gionis
396 4104 525 4155 caussa
551 4083 684 4156 serrari
711 4095 810 4182 puto.

323 4207 449 4286 'Ponte
464 4213 639 4310 praefatus
656 4213 699 4292 L.
719 4215 765 4288 B.
782 4218 828 4290 ad
845 4217 924 4313 ipsa
943 4239 1121 4292 marmore
1139 4220 1265 4319 tejam
1284 4219 1439 4312 dimitto.
1560 4271 1561 4306 r

273 4397 303 4476 ⁴¹·
323 4393 453 4477 Willrios.
469 4393 655 4454 Atheniensis
668 4415 695 4472 p.
707 4403 756 4466 98.
879 4395 951 4454 Poll.
968 4415 1022 4457 rx.
1040 4401 1069 4460 5.
1085 4409 1112 4458 et
1128 4397 1265 4481 Lexicog.
1278 4399 1306 4459 in
1323 4417 1402 4460 voce.

287 4491 299 4524 ¹
322 4489 462 4550 Dndwell.
478 4488 545 4551 trin.
560 4488 621 4566 hp.
635 4495 704 4574 345.
770 4540 777 4553 .
914 4489 925 4520 ⁴
946 4491 1101 4554 Chandler.
1118 4494 1234 4556 Persii.
1245 4495 1401 4558 lesemlv.
1416 4499 1446 4558 2·

284 4585 365 4646 ’ct
403 4586 512 4646 Meum.
548 4586 666 4665 Cerrop.
700 4576 821 4650 cxirrr.
913 4588 1055 4652 “Osann
1069 4611 1097 4668 p.
1111 4587 1160 4651 62.
