3204 5104
762 363 810 424 14
1171 357 1318 442 [Causa.
1342 357 1395 430 11.

189 549 375 625 literarum
399 549 626 647 Coryphaeus
653 543 702 622 R.
716 545 759 622 P.
787 545 927 646 Knigbt
955 542 1089 644 quippe
1119 547 1297 644 quivero
1325 549 1394 626 ab·

138 723 142 730 ·
188 684 406 758 simillimum
440 681 638 755 arbitretur
675 679 816 754 literam
847 679 886 752 in
927 678 1163 776 inscriptione
1180 759 1183 766 ,
1203 681 1285 754 loco
1316 689 1391 756 tam

188 823 334 921 publico
355 821 425 894 sita
450 829 597 918 tamque
621 819 745 918 paucis
769 843 790 892 e
811 818 926 892 literis
949 819 1129 892 constanti
1157 817 1241 892 addi
1270 845 1392 918 posse.

189 956 292 1031 Idem
310 987 410 1032 αυτος
431 953 558 1026 eodem
578 953 683 1026 modo
700 957 823 1027 αΡυτος
840 947 996 1048 (AEolico
1013 947 1151 1022 scilicet
1167 949 1391 1047 digammate

189 1083 415 1183 interposito)
435 1107 508 1181 quo
525 1078 612 1170 calm
639 1081 702 1154 liat
727 1076 838 1165 αΡιδης
855 1077 935 1151 lieri
950 1101 1056 1174 posse
1072 1077 1269 1174 aliquando
1284 1089 1392 1174 puta·

188 1212 276 1290 vit¹.
331 1215 449 1307 Quam
467 1213 685 1289 sententiam
712 1211 790 1308 ipse
816 1219 941 1306 postea
965 1206 1176 1282 damnavit²
1201 1233 1284 1282 cum
1301 1207 1391 1296 αιδης

186 1375 333 1448 semper
349 1350 575 1450 trisyllabon,
601 1357 858 1434 aoros-autem,
886 1353 928 1416 ut
952 1354 1051 1416 recte
1075 1342 1279 1432 Danaeius,
1298 1367 1390 1417 sem-

185 1505 250 1579 per
277 1481 475 1580 disyllabon
503 1504 584 1554 esse
612 1479 847 1578 intelligeret.
901 1478 1131 1575 Sculptorem
1165 1502 1268 1578 ergo,
1304 1501 1389 1553 curu

184 1616 345 1688 incertus
371 1615 525 1686 haereret
548 1635 595 1684 an
631 1621 764 1690 ΑΠΟ
797 1635 897 1685 more
922 1609 1132 1708 antiquiori,
1166 1609 1222 1684 rel
1252 1617 1389 1687 ΑΥΤΟ

185 1744 312 1819 seriori
346 1744 577 1818 scribendum
612 1755 718 1832 esset,
765 1753 956 1842 utramque
998 1743 1136 1818 literam
1180 1743 1389 1817 adhibuisse

184 1887 288 1975 putat
314 1875 522 1976 Knightins,
550 1900 657 1974 quam
684 1875 900 1949 seutentiam
933 1875 1098 1950 Por-sono
1125 1899 1273 1973 qnoque
1298 1876 1388 1949 arri-

184 2007 274 2080 sisse
294 2005 406 2080 literia
425 2006 535 2081 MSS.
555 2032 614 2081 mc
630 2006 821 2081 certiorem
840 2004 973 2118 effecit.

260 2140 357 2215 Mihi
380 2153 515 2230 autem,
544 2165 636 2239 pace
656 2150 840 2213 tantorum
860 2137 1017 2218 virorum
1040 2137 1173 2226 dicam,
1198 2140 1280 2214 baec
1295 2141 1387 2216 ratio

183 2272 411 2348 verisimilis
437 2275 532 2348 haud
558 2271 712 2348 videtur.
758 2270 881 2345 Nullis
910 2269 1099 2366 exemplis,
1131 2270 1231 2344 nulla
1261 2283 1387 2346 aucto·

184 2407 290 2480 ritate
306 2408 444 2495 nititur,
462 2429 531 2480 nec
549 2404 627 2502 ipsa
645 2429 725 2477 sese
742 2413 875 2477 tuetur.
917 2403 1144 2499 Sculptorem
1163 2403 1245 2502 quis
1262 2405 1388 2478 credat

184 2561 229 2612 ea
257 2539 443 2612 literarum
472 2537 592 2636 figura
615 2559 764 2609 usurum
793 2535 915 2623 fuisse,
944 2557 1053 2631 quam
1081 2536 1166 2608 dum
1194 2536 1384 2626 incideret,

184 2667 351 2744 omnibus
376 2670 468 2742 adeo
492 2667 681 2742 obscuram
713 2667 871 2739 futuram
896 2687 977 2738 esse
1002 2665 1223 2766 intelligeret
1248 2680 1287 2742 ut
1308 2668 1387 2764 ipse

184 2800 465 2899 explicationem
497 2821 643 2898 quoque
668 2791 871 2872 scriberet?
921 2796 1030 2888 Quod
1053 2799 1200 2897 quidem
1227 2799 1257 2873 si
1279 2800 1386 2876 fecis·

184 2939 253 3018 set
273 2929 415 3006 literam
441 2951 514 3027 qua
542 2901 706 3003 uteretur
732 2929 777 3002 ad
804 2927 953 3001 alteram
981 2929 1245 3027 explicandam,
1274 2953 1387 3028 supra

183 3063 438 3161 potiusquam
468 3065 515 3136 ad
545 3062 640 3136 latus
671 3056 886 3157 scripsisset.

259 3193 394 3289 Aperte
428 3214 519 3291 argo
554 3189 798 3287 profitendum
833 3199 887 3261 est
909 3213 997 3264 ‘rem
1032 3187 1210 3265 difficilem
1239 3215 1320 3267 esse
1348 3201 1387 3266 et

183 3322 303 3395 adbuc
332 3320 560 3420 subjudice.

253 3448 468 3524 Dawesius³
495 3451 592 3548 quod
617 3449 655 3522 in
683 3451 751 3524 bac
787 3451 1019 3549 inscriptione
1045 3451 1181 3552 legitur
1208 3485 1275 3540 εμι,
1310 3475 1385 3528 uon

175 3585 254 3685 jam
292 3565 368 3672 elas,
404 3583 456 3655 uti
483 3582 632 3656 voluere
655 3581 722 3656 riri
747 3583 893 3672 eruditi,
918 3586 981 3659 sed
1012 3619 1068 3672 ημι
1101 3585 1221 3659 valere
1247 3586 1384 3660 statuit.

182 3713 240 3787 lta
256 3712 354 3787 enim
373 3714 471 3809 apud
490 3711 619 3786 AEoles
637 3747 700 3794 ειμι
716 3737 860 3812 semper
877 3714 1053 3813 scriptum
1073 3727 1215 3789 constat
1226 3715 1252 3790 ⁴.

258 3840 367 3932 Quod
410 3838 537 3940 ανδριας
575 3841 705 3914 attinet
751 3846 852 3939 (quoe
894 3867 965 3917 vox
1002 3843 1214 3919 Dawesium
1252 3843 1384 3916 mirum

181 3974 219 4046 in
250 3973 395 4046 modurn
424 3971 539 4062 torsit,
573 3999 655 4046 cum
690 3975 865 4046 sermonis
901 3977 1007 4051 soluti
1045 3977 1222 4054 rationem
1258 3989 1386 4077 postu-

181 4106 257 4180 lare
285 4116 325 4177 ut
344 4104 516 4180 articulus
542 4117 616 4180 tam
635 4106 715 4182 voci
743 4103 870 4205 avlpaar
896 4133 1003 4206 quam
1031 4121 1165 4210 σφελας
1192 4133 1385 4209 praeponu-

221 4329 457 4405 *Essagpra
844 4335 856 4370 ⁴
878 4329 925 4390 Cf.
947 4333 1041 4394 fiscb.
1067 4335 1102 4392 ad
1126 4333 1210 4394 Well.
1226 4333 1249 4392 l.
1270 4354 1299 4412 p.
1314 4341 1384 4392 lll.

220 4423 231 4456 ²
253 4422 363 4501 Prolag.
377 4423 406 4481 in
421 4423 509 4482 Hom.
523 4427 547 4495 t.
560 4441 711 4485 cxxxvi.
805 4427 896 4486 Koeo.
910 4429 947 4486 ad
963 4431 1050 4507 (ἔτος.
1066 4451 1093 4508 p.
1106 4437 1172 4500 129.
1187 4435 1254 4499 187.
1274 4429 1382 4490 Mattb.

221 4519 233 4551 ³
254 4519 323 4584 Mis.
338 4519 412 4582 Cn't.
430 4543 459 4599 p.
471 4527 538 4588 127.
806 4523 830 4580 l.
844 4541 871 4599 p.
882 4529 932 4592 29.
