3218 5116
786 377 860 436 150
1186 371 1335 454 [Crass.
1359 375 1425 443 111.

223 556 371 622 strenue
408 565 481 620 rem
522 551 706 639 pernotum
741 551 861 638 putas,
901 540 1018 616 tribus
1051 540 1110 614 uel
1143 543 1288 618 duobus
1320 545 1427 624 anuis

222 685 306 774 post
345 672 540 748 aedificium
580 671 719 746 absolvi
758 681 913 768 poterat.
982 670 1075 747 Hrec
1118 696 1202 746 cum
1243 698 1303 748 me
1339 677 1425 750 setis

223 803 406 878 docuisset
431 802 619 898 inscriptio
667 801 762 876 iufra
809 800 987 897 exposita,
1031 825 1116 898 quae
1160 813 1218 876 est
1260 807 1424 880 recensio
1485 893 1489 900 .

222 930 383 1006 omnium
411 931 532 1028 operis
559 931 730 1027 partium,
757 953 850 1025 quas
875 929 1042 1026 epistates
1070 931 1194 1027 tempii
1220 933 1423 1008 aedificandi

224 1062 282 1136 01.
300 1087 388 1138 xcu.
424 1075 458 1136 ι.
491 1061 597 1135 εΙεειί
627 1061 684 1136 vel
713 1059 947 1156 imperfectas
978 1060 1036 1134 vel
1064 1085 1131 1133 suo
1156 1061 1237 1134 loco
1263 1064 1422 1152 noudum

223 1192 415 1270 muscam
458 1201 697 1288 acceperant:
732 1192 969 1266 vehementer
1013 1189 1174 1264 offensus
1220 1214 1300 1264 sum
1342 1193 1424 1266 ioco
1473 1207 1479 1222 “

223 1323 483 1439 Xenophontis
501 1323 649 1398 Hellen.
673 1322 688 1396 1
693 1381 704 1412 ,
719 1321 785 1394 Vl.
802 1337 837 1396 2.
855 1330 905 1417 τῷ
919 1323 1049 1396 ε’πιόντι
1065 1320 1147 1409 ἔτει,
1173 1319 1266 1414 qi-ii
1284 1325 1424 1402 masur

222 1459 285 1540 τῆς
309 1453 437 1540 nonme
463 1451 536 1528 νεὼ
559 1451 595 1522 iv
618 1450 761 1536 Ἀθήναιε
785 1448 987 1544 ἐνεπρήσθη.
1039 1445 1132 1520 Haec
1166 1445 1351 1542 pertinent
1374 1451 1422 1522 ud

222 1585 282 1658 01.
312 1557 707 1677 xc111.ann.3.quo
741 1580 916 1675 templum
951 1579 1011 1654 vix
1042 1579 1259 1666 absolutum,
1286 1581 1421 1654 nedum

222 1723 348 1788 vetus
395 1735 475 1786 esse
521 1718 673 1806 poterat.
741 1709 793 1782 At
837 1709 1035 1784 rationibus
1079 1710 1189 1784 certis
1233 1707 1421 1796 evicimus,

222 1841 374 1914 eandem
391 1839 520 1924 adeun
547 1860 630 1933 quae
656 1835 786 1910 Diocle
810 1839 986 1908 archonte
1010 1835 1231 1922 struebatur,
1258 1845 1297 1907 et
1324 1858 1422 1910 nunc

221 1981 338 2044 stare:
368 1979 440 2040 tam
475 1965 628 2066 egregie
661 1967 861 2038 concinunt
895 1989 1073 2040 mensures
1107 1976 1144 2038 et
1177 1966 1294 2040 omnis
1324 1991 1422 2044 oom-

221 2100 426 2176 modulutio.
490 2096 627 2195 Neque
659 2106 779 2170 tamen
811 2096 847 2168 id
882 2097 996 2170 tanti:
1038 2119 1119 2168 cum
1157 2095 1328 2170 incendio
1360 2095 1421 2170 illo

220 2245 353 2312 tectum
379 2240 518 2304 tantum
548 2228 687 2312 lesum,
714 2228 771 2302 vel
801 2229 944 2302 easdem
979 2249 1166 2300 mensuras
1198 2236 1235 2302 ει
1263 2229 1420 2304 rationes

219 2365 257 2440 iu
284 2365 364 2440 ede
395 2363 516 2436 denuo
546 2359 745 2432 instaurata
776 2361 950 2454 repetitas
986 2381 1079 2444 esse,
1106 2370 1231 2432 contm
1262 2369 1420 2436 statuere

218 2499 332 2596 porris
348 2498 369 2570 ¹.
420 2491 668 2568 Nihilominus
685 2489 922 2562 certissimum
941 2501 1008 2577 est,
1033 2490 1229 2580 edificium
1246 2493 1310 2566 vix
1328 2517 1417 2567 cou-

217 2633 432 2700 summatum
451 2617 594 2692 παλωὸν
619 2619 698 2688 nstv
723 2617 894 2713 appellari
923 2644 996 2692 non
1027 2645 1146 2716 posse.
1198 2625 1292 2698 Nesis
1317 2625 1415 2698 enim

216 2755 332 2850 ipsam
364 2746 491 2822 ceilam
526 2742 724 2841 parietibus
757 2745 930 2820 munitam
950 2726 1155 2852 significat,
1180 2775 1265 2848 quas
1288 2777 1417 2828 recens

216 2887 352 2954 structa
369 2885 456 2950 erat.
500 2873 798 2970 Hecatompedon
816 2873 1020 2948 Pericieum
1039 2878 1156 2954 aloco
1171 2881 1240 2953 hoc
1255 2883 1413 2958 alienum

216 3033 309 3098 esee,
336 3007 446 3084 verbo
480 3027 622 3078 moneo.
675 3007 725 3077 nt
757 3003 897 3103 cogitas
934 3004 1086 3080 fortasse
1121 3010 1166 3082 de
1198 3009 1321 3110 lignea
1355 3013 1417 3088 ille

215 3141 378 3228 aedicuia,
407 3137 511 3235 quus
545 3137 653 3208 modo
685 3135 820 3211 mentio
844 3137 986 3236 ‚injecta
1020 3149 1085 3212 εει.
1148 3140 1283 3214 Verum
1321 3117 1416 3220 irunt

215 3273 406 3370 oportebat
433 3269 524 3344 oleoe
551 3291 672 3357 ,sacra
705 3291 789 3364 quae
824 3267 921 3342 intus
956 3281 1036 3344 erat
1066 3275 1277 3369 superstrui,
1303 3286 1415 3372 atque

207 3405 404 3502 jamtum,
438 3422 519 3472 cum
548 3397 644 3470 oedes
678 3395 818 3490 lapidea
849 3394 887 3470 iu
922 3398 1040 3474 locum
1064 3401 1152 3500 ,ejus
1187 3405 1411 3494 succederet,

214 3541 304 3618 tolli.
366 3537 504 3634 Neque
540 3538 619 3608 haec
652 3532 767 3631 igitur
801 3533 971 3608 incendio
1004 3538 1130 3610 relicta
1162 3549 1228 3614 εει.
1294 3540 1413 3640 igitur

212 3681 325 3763 locus,
362 3685 402 3746 ut
435 3695 533 3744 nunc
568 3681 634 3757 est,
671 3678 768 3742 stare
800 3693 873 3742 non
915 3683 1048 3768 potest.
1113 3675 1410 3774 Neque-tamen

211 3805 365 3904 siugulis
383 3799 502 3876 verbis
526 3799 695 3872 mendum
721 3796 840 3874 inesse
865 3801 1022 3896 suspicio
1044 3815 1107 3878 est.
1152 3803 1249 3894 Quid
1272 3807 1408 3880 restat?

211 3937 363 4010 Constat
389 3931 483 4003 intel·
508 3951 643 4014 omnes,
669 3926 780 3999 verba
804 3932 920 4003 Πὶτιοε
945 3933 1004 4015 uir
1018 3933 1235 4034 ἐφορεύοντος
1262 3944 1298 4006 ei
1324 3955 1410 4028 qttae

211 4065 375 4162 proxime
405 4067 608 4154 sequuntur
634 4077 657 4124 a
684 4053 831 4128 librario
865 4058 1036 4153 quodam,
1063 4059 1126 4156 qui
1153 4059 1410 4160 chronologica

249 4319 329 4377 ¹Cs.
362 4311 487 4373 Boecklr.
527 4311 631 4367 OEcon.
668 4309 723 4368 civ.
755 4311 780 4368 1,
830 4310 1007 4383 acquiescere
1034 4331 1168 4384 possum:
1192 4331 1353 4389 quanquam
1379 4321 1409 4368 ει

208 4431 235 4486 p.
257 4415 324 4472 473.
378 4407 487 4463 Tamen
510 4404 539 4460 in
564 4401 701 4458 sententia
728 4401 781 4459 viri
831 4401 903 4462 mihi
916 4419 1079 4476 persuasum
1090 4413 1143 4476 est,
1165 4405 1405 4482 Opistbodomum

208 4503 323 4576 summi,
344 4501 521 4578 praecspturis
536 4498 603 4571 mei,
625 4517 678 4557 non
700 4499 782 4575 plane
831 4499 914 4557 fuisse
928 4495 956 4555 in
970 4496 1191 4575 Hecatompedo.
