3204 5104
796 375 839 435 18
1222 369 1370 455 [Cusas.
1393 372 1428 438 I.

455 553 720 633 l--quem
744 561 789 627 tu,
814 547 898 627 Dea,
920 561 1061 633 tempore
1083 548 1115 614 iu
1137 545 1225 614 omui

378 663 534 730 Omnibus
556 675 699 729 ornatum
721 663 844 730 voluisti
866 665 1018 730 excellere
1041 667 1146 740 rebus)

227 787 392 884 exempla
440 788 654 860 Guecorum
703 789 887 864 nominum
938 789 987 894 in·
1021 820 1137 885 πωρος
1180 787 1425 863 desinentium

226 924 354 1000 desint.
408 923 491 1022 Ego
517 947 648 995 nomen
682 922 866 1019 proprium
894 932 932 998 ct
958 922 1108 996 verbum
1138 927 1201 1008 εἰμι
1234 921 1272 994 in
1306 921 1426 1018 prima

224 1053 322 1128 linea
342 1055 426 1127 olim
449 1055 609 1130 extitisse
631 1055 824 1154 aliquando
848 1054 1103 1154 cogitaveram,
1126 1053 1178 1127 ita
1203 1064 1244 1126 ut
1265 1051 1425 1150 (AEolico

226 1209 324 1261 more
341 1187 443 1260 litera
465 1220 486 1284 ρ
509 1212 576 1285 pro
599 1223 614 1266 ς
636 1187 785 1284 scripta)
813 1189 1005 1260 secundam
1030 1186 1163 1265 lineam
1187 1185 1237 1262 ita
1260 1185 1424 1285 legerem

493 1341 583 1430 l'laip
611 1337 736 1430 (Παῖσ)
762 1335 780 1407 ὁ
806 1341 867 1408 τοῦ
893 1335 1160 1433 Μενεσικράτονς

225 1494 263 1560 et
295 1485 347 1556 ita
378 1482 530 1582 conjicit
563 1481 773 1579 Youngius,
807 1481 870 1554 sed
900 1481 1046 1556 obstare
1076 1481 1218 1556 videtur
1248 1478 1424 1553 articulos

225 1613 373 1688 minime
407 1622 507 1686 certe
554 1634 620 1684 suo
654 1609 734 1684 loco
773 1621 922 1706 positus,
976 1611 1140 1708 quamvis
1181 1611 1423 1706 proculdubio

225 1747 303 1818 haec
336 1754 544 1844 pervetusta
586 1744 632 1814 ad
669 1742 911 1817 recentiorum
954 1766 1099 1816 normas
1130 1761 1300 1818 revocare
1336 1742 1424 1816 ridi-

224 1869 342 1942 culum
379 1879 487 1944 esset.
540 1867 736 1966 Knightius
770 1893 793 1940 a
833 1867 986 1942 Bockhii
1021 1869 1184 1966 partibus
1221 1881 1291 1942 stat
1323 1871 1424 1968 quod

223 2001 373 2080 verbum
400 2008 572 2098 Kopemov
590 2000 737 2088 attinet;
767 2003 966 2076 notandum
992 2013 1115 2074 autem
1144 2009 1282 2102 Κουριον
1307 2001 1422 2076 fuisse

224 2131 420 2233 oppidum²
470 2133 696 2222 nonnanis,
736 2133 840 2232 cujus
881 2138 1064 2233 quondam
1108 2137 1298 2232 peninsula
1343 2148 1424 2210 erat

223 2263 378 2341 Leucas.
434 2264 521 2340 «lam
553 2277 680 2361 quarta
702 2265 803 2339 linea
833 2276 940 2339 nocte
972 2267 1049 2363 ipsa
1076 2243 1281 2340 obscurior..
1326 2269 1420 2342 Cum

222 2405 331 2480 09Α
369 2405 497 2491 (ΟΚΑ)
535 2397 621 2492 satis
659 2394 797 2493 liquido
841 2394 891 2467 ibi
931 2396 1085 2494 legatur,
1126 2395 1324 2496 Kniglntius
1364 2399 1422 2475 vel

173 2512 179 2520 ’
222 2553 392 2596 excessum
425 2524 506 2618 (pro
535 2521 645 2600 attico
675 2520 734 2594 illo
768 2521 947 2620 εξηνηοχα)
984 2525 1040 2598 vel
1074 2524 1212 2622 aliquid
1245 2525 1422 2625 ejusmodi

222 2652 432 2752 legendum,
458 2661 496 2725 et
519 2661 647 2747 postea
673 2661 847 2730 9ΑΡΕΙΝ
878 2678 1012 2729 nomen
1033 2654 1154 2728 forsan
1182 2657 1316 2754 templo
1342 2679 1425 2730 esse

222 2795 334 2884 putat.
387 2784 490 2859 lllam
530 2784 597 2868 visi
633 2783 830 2858 doctissimi
864 2787 1111 2886 conjectumm
1150 2786 1224 2862 veri
1258 2787 1422 2877 similem,

222 2919 317 2995 hanc
359 2931 480 2992 autem
521 2894 664 2994 certam
697 2943 776 2992 esse
811 2929 910 3014 puto.
974 2919 1174 3018 Youngius
1208 2930 1426 2994 cunctanter

221 3089 345 3129 κατοκα
378 3089 477 3153 χαριν
514 3056 616 3154 legit,
653 3065 690 3130 et
731 3079 798 3153 pro
839 3089 1003 3156 κατενχης
1044 3057 1149 3153 (voli)
1188 3057 1245 3132 vel
1276 3089 1423 3156 κατοχης

223 3185 498 3282 (possessionis)
534 3183 655 3284 χιιριιι2
683 3187 837 3284 positum
874 3212 954 3262 esse
990 3188 1148 3288 conjicit.
1207 3187 1421 3263 Notandum

222 3318 373 3390 formum
403 3315 690 3390 accusativorum
720 3349 846 3415 χαρειν,
872 3351 1113 3406 ομοονοματειν,
1138 3329 1266 3408 afonso,
1294 3330 1422 3393 contra

76 3513 83 3538 ,
221 3475 347 3526 omnes
374 3451 517 3524 Graecae
542 3451 679 3548 linguae
703 3450 802 3549 leges
828 3450 1001 3524 stabilitas
1026 3475 1191 3548 peccare.

298 3583 404 3676 Quod
438 3583 617 3679 duplicem
655 3581 815 3655 vocalem
851 3581 888 3653 in
929 3581 1078 3655 vocibus
1117 3614 1350 3668 ομοονοματειν
1384 3592 1422 3655 et

221 3747 383 3813 ματεερος
401 3715 539 3802 attinet,
565 3713 645 3786 fuse
672 3713 708 3784 in
738 3709 958 3786 Praefatlone
980 3714 1025 3784 de
1048 3736 1092 3785 ea
1119 3737 1158 3785 re
1187 3713 1259 3811 egi.
1313 3713 1421 3804 Quod

223 3848 254 3921 si
277 3850 347 3921 hoc
369 3847 448 3920 lieri
466 3871 571 3943 posse
593 3847 846 3932 concedamus,
867 3842 957 3918 nihil
979 3856 1045 3932 est,
1072 3855 1246 3940 quantum
1266 3845 1420 3934 videam,

224 3979 321 4076 quod
363 3974 537 4074 impediat
579 3998 652 4072 quo
691 3973 810 4046 minus
850 4005 995 4071 μητηρος
1033 3997 1055 4044 a
1096 4005 1205 4071 μητηρ
1238 3994 1344 4070 aeque
1377 3993 1421 4042 ac

223 4141 408 4208 μνηστηρω
426 4133 449 4180 a
468 4123 616 4203 μνηστηρ
641 4104 794 4178 derivari
812 4102 934 4199 possit.
984 4102 1092 4193 Quod
1116 4102 1421 4176 constructionem

264 4399 389 4456 ¹Strab.
405 4399 444 4459 X.
458 4417 487 4492 p.
503 4399 572 4452 451.
591 4399 626 4452 n.
851 4392 946 4468 Apoll.
976 4394 1066 4471 Dysc.
1092 4393 1158 4454 MS.
1186 4393 1260 4468 apud
1282 4393 1362 4454 Bast.
1384 4391 1421 4448 ad

262 4496 344 4553 ’De
372 4491 427 4552 lnoc
458 4513 509 4550 usu
539 4491 614 4549 verbi
644 4513 729 4570 χαριν
759 4489 797 4548 cl.
849 4491 938 4570 Greg.
962 4511 990 4566 p.
1004 4495 1054 4550 82.
1074 4490 1118 4549 ed.
1134 4487 1238 4548 Schael.
