3204 5104
770 413 812 477 ¹¹¹
1194 421 1340 505 [Cusus.
1362 425 1395 492 1.

532 675 684 758 Onsss.
713 678 751 758 1.
805 679 959 764 Inson.
989 685 1052 766 11.

428 867 744 948 JNscutruto
777 875 1151 956 BURGONlANA.

535 1143 539 1151 ⁸
632 1074 725 1132 rAu.
744 1075 785 1134 11.
830 1076 902 1138 no.
924 1079 949 1138 1.

721 1251 854 1302 ..φ-

188 1399 301 1466 Cierke
335 1399 405 1466 ltin.
438 1399 534 1468 Tom.
568 1403 643 1468 vlt.
673 1429 708 1490 p.
734 1416 782 1472 ll.
832 1409 935 1484 (tivo.)
999 1410 1143 1496 Wsipoie
1177 1413 1203 1478 Ι.
1243 1440 1275 1501 p.
1303 1387 1391 1485 453.-

236 1498 397 1564 Dodwell.
415 1499 486 1564 ltin.
505 1500 533 1564 1.
560 1524 594 1584 p.
613 1511 689 1572 457.
741 1503 920 1589 Miiiiugen.
937 1506 1074 1572 Ancient
1091 1513 1240 1578 unedited
1259 1515 1381 1581 Monu-

148 1613 151 1620 '
237 1609 350 1677 ments,
377 1621 413 1682 p.
436 1603 467 1662 2.

261 1733 366 1821 Huc
390 1748 502 1821 verbe
526 1747 699 1845 inscripto
730 1733 878 1823 suntin
908 1753 1084 1849 amphora
1113 1760 1208 1853 apud
1238 1754 1376 1834 Thom.

184 1879 335 1977 Burgon
353 1877 517 1976 Smyrnae
533 1885 728 1966 asservato,
756 1888 794 1951 et
809 1881 857 1953 ab
882 1906 927 1955 eo
944 1882 983 1955 in
1006 1883 1200 1981 sepulchro
1218 1889 1374 1984 quodem

182 1982 483 2106 Atticoreperte,
510 2011 614 2110 cujus
642 2012 923 2108 descriptionem
950 2015 1139 2091 eCierkio
1156 2020 1375 2116 exscriptum

182 2140 221 2211 in
255 2137 469 2233 Appendice
499 2137 639 2238 subjeci
651 2137 672 2210 ¹.
728 2139 860 2213 Literis
888 2141 1299 2244 constantinopolitanis
1326 2147 1375 2220 itu

182 2263 366 2345 reddenda
390 2279 485 2342 sunt.

481 2433 541 2472 τον
563 2399 709 2485 Ἀθηνεον
734 2397 841 2474 ἆθλον
864 2401 917 2484 sint
951 2401 975 2474 ἱ.
987 2427 1020 2476 e.

479 2534 548 2601 τῶν
567 2527 731 2607 hiaretur
751 2527 857 2604 ἆθλον
881 2537 943 2618 sini
983 2532 1042 2607 vel

477 2662 546 2727 τῶν
567 2656 723 2740 'thonnor
742 2655 847 2732 ἆθλον
871 2664 947 2745 sini.

254 2787 299 2860 Id
315 2786 554 2881 proculdubio
578 2787 686 2858 stetui
713 2797 845 2882 potest,
869 2812 931 2862 res
954 2790 1081 2862 victori
1109 2789 1250 2862 cuidnrn
1275 2790 1369 2863 ludis

177 2922 331 3000 Athenis
360 2921 491 2995 habitis
518 2923 616 2994 douo
637 2923 758 2993 datum
787 2946 878 3008 esse,
906 2947 988 2996 cum
1012 2924 1048 2995 in
1076 2948 1121 2996 eo
1148 2923 1369 3021 effinguntur

177 3052 335 3129 bubonis
366 3060 403 3123 et
427 3051 608 3124 Minervae
636 3049 786 3148 effigies,
815 3051 971 3148 taliaque
989 3077 1072 3126 vasa
1089 3054 1125 3125 in
1142 3053 1235 3125 ludis
1251 3054 1367 3124 Athe·

176 3183 361 3260 niensibus
384 3182 559 3264 victorum
587 3180 733 3274 praemiu
759 3203 839 3252 esse
865 3179 949 3252 setis
975 3191 1115 3252 constet
1124 3179 1147 3250 ⁹.

251 3295 495 3388 Blorniieldius
508 3312 662 3396 Ἀθηνέων
679 3335 744 3406 pro
760 3311 894 3397 Ἀθηνῶν
910 3312 1081 3406 scripturn
1104 3323 1217 3408 putet,
1244 3335 1364 3409 enque

174 3469 246 3544 qun
273 3465 367 3516 unus
393 3450 448 3512 est
476 3439 651 3527 doctrine,
677 3441 838 3537 piurimis
864 3442 950 3513 locis
972 3467 993 3515 e
1017 3442 1124 3514 variis
1152 3443 1362 3514 auctoribus

172 3569 354 3648 advocatis
370 3568 584 3641 sententium
603 3567 825 3640 confirmet³.
878 3567 950 3640 His
971 3569 1091 3642 verbis
1114 3569 1245 3642 latine
1277 3570 1366 3666 Epi·

171 3699 337 3801 grsphen
365 3695 491 3767 reddit.
535 3691 738 3768 Proemium
761 3719 844 3768 sum
865 3695 909 3767 ah
934 3695 1024 3769 urbe
1051 3696 1206 3768 Athenis
1225 3696 1363 3770 datum.

172 3829 302 3928 Neget
333 3835 453 3898 eutem
485 3823 680 3921 Knightius
705 3827 809 3898 ἆθλον
841 3848 922 3897 eum
954 3825 1116 3923 genitivo
1141 3824 1362 3898 Athlothetae

214 3989 291 4050 ¹ct.
307 3991 385 4062 App.
398 3985 457 4045 No.
472 3991 501 4043 2.
832 3987 951 4046 'Horn
980 3985 1036 4044 Od.
1058 3986 1089 4042 Γ.
1105 3992 1172 4050 278.
1215 3985 1359 4058 Aristoph.

211 4079 359 4141 'Pindon
377 4081 465 4137 Nem.
480 4079 519 4135 X.
532 4076 582 4142 67.
627 4078 742 4135 Csilirn.
794 4073 871 4134 Nub.
884 4081 953 4130 400.
967 4074 1023 4150 (Cf.
1040 4077 1154 4132 Porsen.
1174 4074 1278 4133 cottae
1292 4075 1358 4132 MS.

172 4177 242 4254 frag.
258 4180 326 4235 122.
360 4171 464 4248 Scalig.
478 4173 513 4228 ed
529 4171 629 4228 Euseb.
650 4190 677 4245 p.
691 4177 741 4236 92.
793 4165 938 4226 Hsrieian.
962 4187 989 4242 p.
1008 4173 1065 4246 14.)
1086 4169 1257 4244 Euphorion.
1284 4169 1358 4245 apud

173 4267 284 4328 Corsin.
302 4267 378 4324 Fest.
394 4268 455 4323 Att.
471 4266 495 4323 Ι.
520 4283 549 4338 p.
562 4269 612 4321 31.
646 4263 740 4338 (Dius.
792 4259 927 4338 Hermog.
950 4287 981 4320 π.
998 4289 1015 4321 ν.
1034 4283 1061 4338 p.
1073 4269 1142 4322 248.
1157 4265 1252 4342 ἀτρέα
1273 4265 1359 4334 δῆμον

172 4367 196 4428 1.
214 4366 280 4442 25.)
301 4367 330 4419 et
355 4359 395 4420 11.
419 4379 447 4434 p.
462 4363 533 4424 2³7.
560 4357 656 4431 (Diss.
672 4373 738 4416 xrr.
790 4358 921 4427 Ἀθηνᾶν.
949 4359 1034 4418 Plura
1046 4360 1165 4433 reperies
1180 4360 1254 4434 apud
1267 4359 1355 4418 Koen.

174 4463 238 4539 10.)
268 4457 381 4517 Jacobs.
402 4457 438 4512 ad
461 4453 580 4511 Anthoh
605 4453 738 4512 Animud.
789 4459 816 4506 et
837 4449 939 4507 Sehaes.
968 4453 1003 4508 ad
1031 4447 1148 4527 Gregor.
1176 4471 1203 4526 p.
1218 4457 1287 4510 380.
1312 4453 1354 4510 ed.

173 4555 239 4616 vot.
255 4553 279 4613 1.
300 4553 378 4612 Pnrt.
392 4551 417 4612 1.
438 4568 465 4623 p.
477 4553 544 4607 245.
791 4545 893 4602 Sohaet'.
