3218 5116
180 399 462 492 luscu.·VllI.]‚
725 415 793 492 177

253 593 433 668 Recensio
460 618 505 668 ex
539 619 582 668 ee
604 607 703 692 parte
734 597 855 692 templi
881 619 963 693 quae
987 595 1168 692 Cecropio
1200 593 1359 690 proxima

179 734 232 799 est
256 726 404 800 orditur.

254 859 300 932 In
318 884 422 934 renen
445 859 629 934 Wiikinsii
645 861 777 952 tabule,
799 885 872 961 que
889 860 1096 960 depingitur
1114 813 1358 934 Erechtheum

420 1069 438 1081 ..
473 1031 515 1097 A.
538 1045 586 1097 est
616 1031 767 1119 templum
793 1031 956 1097 Minervae.

477 1147 517 1212 B.
789 1144 950 1230 Pandrcsi.

478 1261 518 1328 C.
544 1261 687 1328 Porticus
707 1261 965 1348 Stylsgelmstice.

474 1379 510 1444 F.
543 1379 686 1465 Augulus
711 1377 900 1465 Cecropium
921 1391 1080 1464 spectans.

473 1494 518 1560 G.
537 1495 733 1563 Vestibulum
758 1494 939 1562 Pandrosei.

175 1657 221 1722 D.
233 1657 281 1722 D.
318 1656 396 1722 muri
432 1658 571 1724 tellurem
604 1657 688 1726 circe
721 1658 939 1724 Pandroseum
962 1661 1121 1747 jacentem
1161 1655 1358 1722 sustinentes.

175 1775 246 1842 lrna
271 1773 353 1840 enirn
376 1774 546 1843 Pandrosei
571 1799 642 1863 pers
667 1787 741 1843 octo
767 1776 899 1862 pedibus
921 1775 1046 1842 inferior
1072 1789 1137 1842 emt
1157 1774 1359 1854 ¹Pandroseo,

175 1903 207 1955 et
233 1887 343 1954 tellure
369 1887 483 1976 ubique
508 1881 780 1976 circumjacente¹.

208 2104 214 2126 =
254 2070 299 2144 ln
316 2069 516 2145 Willrinsii
552 2071 683 2145 tubulis
718 2071 824 2144 lineae
838 2105 842 2120 ·
858 2073 1039 2170 punctiiiis
1071 2081 1204 2151 notutae
1234 2075 1361 2172 'partes

174 2201 266 2276 redis
293 2201 451 2272 nondum
473 2199 667 2296 completus
683 2224 728 2274 eo
745 2210 905 2297 tempore
924 2225 998 2296 quo
1014 2203 1177 2273 recensio
1194 2203 1294 2278 fecte
1307 2217 1362 2278 est

178 2335 368 2406 denotent.
416 2329 460 2403 In
489 2328 639 2403 Miilleri
658 2329 788 2404 tabuiis
814 2337 841 2372 “
858 2341 977 2426 partes
994 2328 1099 2404 lineis
1116 2331 1213 2403 intus
1229 2357 1363 2428 sparsae
1495 2391 1503 2402 .
1531 2325 1535 2334 ’

177 2464 304 2540 ercisc
343 2473 446 2538 erant
483 2461 546 2536 sed
584 2463 742 2536 nondum
779 2461 959 2560 cppnn'tau
997 2462 1157 2535 membra
1182 2461 1363 2558 punctiliis

176 2595 380 2697 significate
397 2594 559 2692 ammerici
574 2606 677 2669 erunt
693 2595 756 2670 sed
776 2596 935 2671 nondum
960 2587 1131 2693 sculptc.''
1180 2593 1362 2671 Miiiierus

177 2752 326 2830 quoque
361 2728 412 2802 in·
436 2730 514 2830 ejus
557 2742 659 2803 notes
709 2737 735 2769 “
752 2752 798 2803 err
839 2752 948 2828 opere
986 2728 1135 2804 Stuurtii
1178 2751 1362 2802 mensurus

177 2861 352 2960 Anglicus
397 2860 599 2948 transtulit3
657 2861 905 2956 complectitur
948 2871 1067 2934 autem
1094 2883 1179 2957 -¹pes
1214 2861 1362 2936 Atticus

177 2993 324 3090 pollices
358 2991 468 3089 Augi.
509 3001 653 3077 tn,137,
687 2992 785 3084 quod
821 2987 974 3060 maxime
1008 2992 1053 3063 ab
1089 2991 1364 3087 Hecatompedo

179 3149 304 3200 menso
332 3121 548 3220 colligitur.”
599 3121 698 3193 Ante
722 3128 841 3193 eutem
869 3141 975 3215 quern
1003 3122 1048 3194 ed
1073 3119 1363 3220 ipsaninscrip=

176 3257 314 3331 tionem
352 3276 500 3352 pergem
538 3249 720 3325 Miillerus
752 3249 788 3322 in
810 3252 889 3322 ·hoc
929 3249 1015 3323 rnihi
1050 3256 1231 3328 notandus
1265 3254 1363 3329 venit

175 3383 407 3486 pund-nimis
431 3383 564 3460 acriter
586 3385 623 3457 in
650 3383 893 3457 Chsndlerum
917 3383 1079 3458 invectus
1106 3387 1176 3460 sit.
1216 3388 1361 3464 Chcud-

175 3517 405 3604 lerusenim,
422 3555 426 3566 ·
441 3525 481 3590 ut
508 3516 586 3616 jcrn
614 3513 780 3604 ostendi·
799 3537 837 3586 ee
868 3515 961 3588 hanc
997 3515 1277 3614 inscriptionem·
1299 3545 1361 3595 ex-

177 3651 311 3747 plicare
342 3646 494 3747 nequire
522 3648 597 3746 ipse
629 3645 812 3744 professus
841 3656 904 3720 est.
956 3645 1065 3721 Haud
1093 3672 1182 3748 ergo
1213 3652 1361 3728 omnino

178 3805 242 3878 pro
276 3804 320 3854 es
358 3779 526 3855 comitate
560 3805 633 3876 qus
668 3777 819 3868 virtuli
861 3777 1026 3852 doctrina
1069 3782 1240 3876 praeditus
1283 3809 1362 3860 esse

179 3915 297 4000 debet,
326 3914 375 3986 itu
406 3912 451 3985 de
472 3934 517 3986 eo
543 3901 729 3984 Mtillerus.
783 3916 805 3949 “
822 3907 958 3982 Omnia
983 3909 1041 3983 hic
1060 3911 1124 3983 viri
1143 3911 1359 4011 ignorantie,

180 4043 410 4144 negligentia,
453 4054 489 4115 et
524 4041 658 4114 infelici
702 4041 850 4140 ingenio
892 4041 1043 4138 pessime
1084 4054 1169 4114 suut
1188 4023 1360 4117 'luxetn''

178 4173 281 4248 idern
307 4199 452 4274 quoque
479 4184 601 4270 postes
619 4175 743 4247 eodem
764 4173 1095 4261 modoWilkinsio,
1116 4197 1222 4272 quern
1240 4188 1358 4250 tamen

220 4437 228 4472 ¹
252 4438 334 4499 Leek.
349 4441 454 4518 Τῖφυς.
471 4442 533 4499 Att.
557 4457 582 4513 p.
598 4435 665 4498 265.
695 4447 722 4496 et
746 4435 863 4494 wilkins
884 4437 956 4512 apud
979 4435 1099 4514 Wnlpol.
1121 4438 1167 4496 ubi
1188 4457 1277 4516 supra.

751 4559 776 4624 Z
