3176 5094
586 414 929 465 nonsummum
1276 400 1361 470 xxxi

157 567 230 642 cui
248 593 320 668 ego
337 591 413 640 non
432 565 617 640 assentior.
660 567 907 641 Proculdubio
925 580 1024 642 extat
1040 570 1077 641 in
1098 573 1363 648 recentioribus

158 701 376 797 quibusdam
404 699 696 796 inscriptionibus
730 701 825 771 inira
851 700 975 794 positis
1009 699 1177 775 Boeotico
1207 704 1360 779 dialecto

158 835 386 928 conscriptis.

235 961 345 1052 Quod
383 963 521 1036 literam
563 963 669 1058 Copb
713 962 767 1034 vel
815 961 943 1057 Koppa
984 963 1127 1046 attinet,
1176 965 1360 1040 verissime
1458 961 1471 978 '

160 1091 383 1163 Eclrbelius¹
418 1093 653 1164 remotissimo
685 1117 762 1164 aevo
794 1093 829 1163 in
866 1119 932 1166 usu
969 1119 1033 1189 per
1063 1095 1243 1170 Graeciam
1279 1123 1359 1172 esse

161 1221 260 1307 dicit,
296 1247 319 1292 a
354 1237 381 1292 K
418 1233 541 1318 postea
575 1234 765 1294 extrusum.
835 1219 878 1291 In
918 1223 1071 1294 nummis
1107 1224 1359 1300 Crotoniacis⁵

165 1347 404 1446 Syracusanis
417 1355 444 1439 ³,
482 1353 761 1436 Corinthiacis⁴,
798 1367 834 1424 et
872 1351 1099 1446 Mycenaeis*
1133 1355 1267 1427 dudum
1304 1357 1358 1428 νὶ-

161 1484 245 1554 dere
264 1483 396 1553 eruditi
414 1509 424 1567 ;
440 1483 560 1553 bodie
587 1482 738 1553 eandem
765 1505 839 1575 prae
867 1505 905 1552 se
934 1480 1087 1578 ligurem
1116 1483 1292 1557 ferentem
1317 1487 1355 1560 in

162 1609 401 1681 marmoribus
440 1621 549 1705 atque
593 1609 707 1705 galeis
748 1608 879 1681 vident.
951 1608 1092 1681 Vetusti
1132 1612 1248 1684 coloni
1288 1614 1357 1687 hoc

161 1737 379 1810 elementum
426 1738 462 1808 io
508 1737 642 1808 ltaliam
687 1736 924 1830 proculdubio
963 1739 1199 1824 transtulere;
1240 1741 1357 1816 forma

163 1870 266 1941 etiam
292 1868 478 1964 paululum
514 1869 751 1941 immutatui'o
783 1879 978 1954 Q'manet;
1014 1894 1082 1943 nec
1111 1873 1216 1946 aliter
1240 1875 1356 1964 Quin-

164 1995 347 2074 tilianus⁶.
401 1998 489 2070 “Et
519 2007 552 2079 Q
577 1997 682 2097 'cujus
710 1999 834 2070 similis
867 1999 1017 2072 effectus
1041 2003 1264 2098 speciesque,
1289 2007 1356 2078 nisi

165 2129 262 2221 quotl
289 2125 448 2220 paullum
478 2153 501 2198 a
533 2127 637 2199 nobis
663 2125 882 2222 obliquatur,
908 2127 1040 2223 Koppa
1062 2132 1159 2222 apud
1186 2130 1354 2222 Graecos3

165 2281 264 2330 nunc
290 2259 433 2330 tuntlem
465 2259 502 2331 in
533 2281 683 2329 numero
716 2265 873 2328 manet.”
928 2257 993 2328 Est
1023 2268 1144 2330 tamen
1175 2261 1234 2331 hic
1260 2265 1358 2356 quod

165 2393 359 2488 paullulum
380 2396 520 2477 turbet;
549 2403 685 2490 negant
706 2391 802 2463 enim
825 2391 959 2464 Gorius
983 2403 1019 2463 et
1042 2392 1200 2466 Lanzius
1218 2393 1356 2469 literam

167 2533 198 2603 Q
227 2525 323 2596 inter
347 2525 515 2620 antiquas
543 2524 657 2597 ltaliae
685 2523 829 2620 ling-uas
848 2522 1001 2594 inueniri
1028 2527 1174 2618 posse⁷;
1203 2538 1238 2601 et
1265 2551 1357 2600 non.

166 2659 232 2729 nisi
268 2659 493 2753 temporibus
528 2656 722 2730 senioribus
757 2667 962 2751 usurpatam
995 2657 1138 2744 docent,
1169 2661 1272 2759 cujus
1303 2662 1356 2734 rei

167 2788 200 2858 in
226 2787 471 2858 testimonium
505 2787 614 2858 verba
650 2782 785 2856 Cotidie
814 2795 851 2855 et
890 2781 958 2856 Coa
991 2785 1128 2879 profert
1161 2786 1355 2860 [annius⁸.

167 2917 257 3006 Qnae
286 2928 407 2988 tamen
441 2918 537 2988 houd
570 2916 729 2988 efficiunt
762 2927 802 2985 ut
837 2915 1051 2987 sententiam
1087 2925 1232 2988 mutem.
1286 2915 1357 2988 lm-

166 3047 288 3142 primis
333 3049 429 3120 euim
472 3047 510 3118 in
550 3045 778 3144 Eugubianis
819 3045 948 3116 tabulis
988 3044 1123 3137 liquido
1161 3045 1357 3142 sepissime

167 3189 264 3250 extat
279 3187 314 3258 Q
326 3181 352 3264 ⁹,
374 3180 532 3274 itemque
551 3178 588 3249 in
603 3176 673 3250 aliu
690 3176 810 3248 tabula
828 3176 988 3272 ejusdem
1000 3174 1119 3246 ¹aetatis
1134 3173 1169 3245 ¹⁰.
1205 3177 1358 3276 Legitur

207 3408 214 3437 ¹
238 3408 356 3466 Eckhel.
369 3407 453 3467 noct.
469 3408 532 3466 Vet.
548 3408 637 3465 Num.
655 3406 740 3464 Tom.
829 3406 841 3435 ³
863 3404 948 3462 Wild.
963 3405 1083 3462 Numm.
1102 3405 1203 3464 Select.
1220 3409 1291 3467 Tab.
1309 3427 1359 3465 rx.

170 3521 191 3559 1.
205 3522 232 3577 p.
250 3511 318 3564 170.
791 3501 846 3556 Νο.
862 3505 909 3557 54.

206 3597 219 3628 ¹
241 3599 378 3654 Mionnet.
392 3597 478 3655 Tom.
493 3615 517 3656 1.
533 3617 560 3670 p.
574 3605 641 3657 188.
667 3600 739 3656 Tab.
834 3590 846 3621 ⁶
865 3590 984 3659 Quintil.
1009 3589 1079 3647 lost.
1106 3590 1130 3645 l.
1151 3595 1180 3645 4.
1226 3591 1359 3648 Monente

170 3681 303 3749 xx'rtru.
327 3691 447 3764 prem.
459 3691 521 3750 ltul.
535 3691 740 3750 Literat.'lom.
792 3684 943 3741 blazocbio
959 3683 1007 3758 (ad
1021 3681 1093 3740 Tab.
1108 3680 1213 3739 Herae.
1228 3700 1256 3755 p.
1272 3688 1359 3759 128.)‚

170 3803 274 3843 xuni.
296 3805 324 3858 p.
335 3793 384 3844 50.
400 3795 428 3841 et
441 3790 490 3844 51.
790 3778 937 3850 legendum
952 3777 981 3832 in
996 3777 1049 3832 hoc
1064 3775 1135 3844 loco,
1160 3781 1180 3809 ‘¹
1192 3775 1358 3854 speciesque

207 3877 359 3937 ’Eelubel
376 3898 398 3936 1.
411 3898 438 3954 p.
453 3886 523 3938 249,
567 3883 671 3938 Paruta
683 3883 738 3940 No,
790 3875 844 3929 τοῦ
859 3872 962 3944 Koppa
974 3869 1048 3943 apud
1063 3868 1193 3938 Graecos,
1218 3869 1272 3928 nisi
1286 3873 1358 3946 quod

171 3983 218 4033 ιο,
240 3977 297 4033 No,
322 3981 389 4033 181,
412 3975 490 4050 (ser,
510 3980 645 4054 urgent)
670 3977 739 4034 Tor.
789 3967 914 4045 paullum
935 3986 953 4022 a
973 3965 1052 4024 nobis
1070 3964 1235 4040 obliquatur,
1249 3969 1320 4026 lire!

168 4087 290 4128 marnac.
322 4069 454 4144 inscript.
482 4068 607 4128 Palerm.
637 4091 665 4146 p.
689 4077 737 4135 72.
827 4065 946 4122 'Leon
958 4061 1043 4137 segg.
1061 4063 1085 4121 1.
1101 4081 1130 4135 p.
1147 4068 1216 4123 211.

170 4161 246 4220 blus.
272 4163 368 4218 lllead.
391 4183 416 4238 p.
435 4161 486 4222 36.
507 4163 550 4220 Μ.
574 4167 687 4240 AEgypt.
702 4165 736 4221 ad
827 4158 838 4189 ⁸
860 4159 945 4216 Lanu.
960 4159 1045 4232 Sagg.
1064 4156 1087 4211 1.
1102 4175 1130 4230 p.
1144 4162 1214 4222 217.

169 4255 265 4314 Srtum
280 4255 315 4312 de
329 4257 476 4316 baechao.
491 4278 519 4333 p.
536 4266 603 4317 181.
827 4257 838 4290 ⁹
860 4256 976 4312 Gruter.
988 4252 1073 4310 Thes.
1087 4271 1114 4326 p.
1129 4269 1255 4313 exem.
1270 4255 1356 4318 lenz.

206 4341 217 4373 ⁴
236 4347 336 4405 Clark.
361 4347 427 4406 ltin.
448 4349 533 4408 Turn.
556 4367 602 4408 vr.
625 4370 654 4425 p.
669 4355 738 4410 435.
790 4349 877 4424 Sagg.
894 4348 932 4404 ll.
947 4367 974 4421 p.
989 4349 1060 4412 75⁵.

170 4439 248 4512 (ttvo.
263 4442 325 4515 ed.)
831 4439 852 4472 ¹⁰
873 4442 987 4500 Gmter.
1002 4439 1090 4500 Thes.
1103 4457 1130 4511 p.
1146 4455 1247 4496 cxnv.
