3204 5104
815 407 837 462 4
1227 406 1377 491 [ΟιΑεε.
1410 411 1441 474 Ι.

236 571 421 668 nunquam
444 574 564 648 forsan
583 576 637 648 vei
656 576 843 674 eiegnnter
857 580 912 652 vei
931 603 1020 675 pure
1041 583 1150 656 locuti
1166 575 1278 660 sunt:
1308 600 1438 683 postea

234 698 354 774 forsan
391 727 499 798 quarn
533 703 776 778 Athenienses
808 708 980 804 oppidum
1016 711 1217 801 tenuerint,
1240 713 1435 814 Sigeorum

233 827 360 926 lingue
375 853 443 903 nec
460 831 609 903 omnino
629 831 779 906 AEorica
794 845 883 922 emt,
911 859 979 908 nec
997 839 1124 910 endem
1137 841 1287 914 omnino
1303 845 1350 915 ed
1366 845 1436 916 At-

234 954 316 1026 ticae
344 957 515 1030 dialectis
543 983 686 1034 normas
713 962 943 1037 concinnata.
996 965 1069 1040 His
1088 992 1178 1067 ergo
1208 973 1360 1061 omissis,
1387 977 1434 1047 nd

234 1084 314 1179 ipsa
330 1087 440 1160 verbs
460 1089 643 1162 marmoris
660 1091 943 1187 respiciendum,
968 1097 1044 1188 nbi,
1067 1112 1241 1197 quantum
1260 1107 1431 1203 equidem

107 1260 114 1273 ·
233 1221 304 1312 ego
330 1216 500 1315 judicare
534 1217 681 1312 possim,
717 1221 807 1292 nibil
838 1233 894 1295 est
929 1228 1027 1322 qnod
1061 1241 1188 1302 contra
1224 1232 1280 1304 rei
1313 1241 1434 1306 arcias

236 1346 364 1420 Anicae
394 1347 531 1447 linguae
565 1348 667 1444 leges
703 1362 845 1444 peccet,
880 1354 910 1426 si
944 1389 1093 1430 εποεισεν
1125 1360 1298 1456 excipies,
1335 1368 1434 1461 qnod

235 1477 443 1574 sculptoris
470 1479 640 1550 mendum
676 1504 755 1552 esse
788 1495 933 1577 potest.
957 1497 996 1559 ut
1038 1500 1163 1583 postes
1200 1503 1362 1572 κΔΟΚΑ
1397 1505 1435 1566 et

237 1616 540 1692 zvxeievzm,
568 1619 604 1680 ei
631 1610 680 1681 ira
703 1610 893 1686 anesio¹
921 1617 1035 1690 visum
1063 1631 1148 1694 eso.

310 1737 473 1833 Sigeum
493 1761 583 1835 ergo
615 1763 779 1824 marmor,
813 1767 870 1817 me
893 1745 1033 1844 judice,
1072 1753 1166 1828 basis
1201 1768 1256 1830 est
1289 1757 1433 1836 Phano-

234 1866 304 1938 dici
331 1865 518 1963 cujusdam
546 1877 686 1954 statuae,
714 1895 797 1967 quae
817 1873 920 1947 utin
950 1878 1028 1951 aliis
1056 1885 1315 1962 marmoribus³
1341 1890 1432 1963 sisti-

235 2011 293 2071 tur
319 1997 483 2095 loquens.
538 1999 770 2075 Phanodicus
797 2029 844 2078 sc.
869 2029 1018 2084 munera
1041 2016 1209 2109 quedam
1237 2017 1433 2117 Prymnaeo

235 2127 452 2225 sigennus.-
470 2131 525 2202 vei
566 2130 642 2226 ipse
676 2135 825 2207 dederet
863 2138 919 2210 vei
960 2149 1178 2218 testamento
1214 2147 1432 2248 legnvemt⁴.

278 2436 435 2492 ¹Dswes.·
454 2435 498 2491 M.
521 2433 554 2488 C.
584 2453 611 2508 p.
630 2440 697 2502 121,
722 2443 750 2490 ei
778 2453 806 2507 p.
859 2459 935 2494 εποει
964 2439 992 2494 in
1017 2425 1140 2500 nummis
1163 2445 1333 2520 Cydoniacis
1356 2453 1431 2526 epod

236 2535 306 2589 324.
898 2532 1018 2592 Eckhel.
1034 2535 1072 2594 D.
1089 2535 1128 2594 N.
1141 2538 1182 2596 rr.
1198 2559 1226 2614 p.
1237 2546 1307 2610 309.

275 2627 286 2656 ²
307 2623 419 2678 Dorum
443 2629 504 2678 erat
528 2631 609 2696 etque
635 2621 807 2679 AEolensium
901 2626 983 2686 Hanc
998 2627 1118 2689 sormam
1140 2635 1252 2708 quidem
1271 2639 1432 2714 antiquissi-

239 2725 411 2792 postremsm
437 2715 565 2773 vocalem
593 2717 758 2793 diphthongi
783 2721 810 2774 oi
859 2741 937 2780 mam
946 2725 1111 2783 essestatuit
1122 2726 1202 2787 Pors.
1213 2729 1292 2790 Mus.
1302 2731 1351 2792 Cr.
1363 2733 1429 2791 Τ.1.

236 2803 393 2866 omittere.-
417 2807 469 2866 Cf.
490 2808 581 2870 Koen.
606 2812 642 2868 nd
663 2811 751 2883 Greg.
775 2810 809 2866 de
861 2836 891 2890 p.
905 2823 974 2874 240.
1016 2820 1058 2876 At
1070 2821 1093 2876 si
1106 2822 1190 2879 verbo
1204 2827 1432 2886 sepenominatus

186 2969 189 2974 ¹
237 2907 299 2962 Ait.
315 2901 393 2961 Dial.
407 2905 429 2972 ξ.
444 2909 492 2961 30.
860 2909 958 2987 aliquis
972 2911 1044 2969 hane
1059 2913 1266 2990 inscriptionem
1279 2919 1355 2977 haud
1371 2923 1431 2980 Do-

235 3004 327 3060 Εννοα
343 3020 392 3076 pro
406 3025 496 3060 εννοια
505 3003 534 3058 in
545 3001 632 3060 inser.
649 3002 722 3059 AEol.
736 3002 810 3078 apud
859 3003 918 3060 rice
930 3004 1049 3064 dialecto
1063 3011 1249 3084 conscriptam
1263 3031 1324 3070 esse
1341 3025 1430 3089 putet,

276 3096 440 3172 Caylusiun.
471 3099 570 3174 (Tom.
588 3097 627 3154 11.
656 3097 729 3152 Tab.
744 3093 808 3172 56.)
861 3095 969 3154 Dorum
983 3099 1074 3175 magis
1090 3119 1175 3176 quam
1189 3105 1363 3165 AEolensinm
1378 3109 1431 3167 iin-

277 3217 394 3261 εποησε,
409 3194 437 3250 in
452 3212 555 3252 marm.
568 3193 719 3268 Corcyraeo
732 3195 805 3268 apud
858 3210 919 3266 guae
926 3193 1045 3271 tribuere
1055 3195 1151 3257 debet.
1167 3200 1244 3257 Usus
1254 3202 1330 3259 enim
1340 3227 1431 3286 erpm

277 3287 432 3344 Montisue.
450 3289 529 3344 Diar.
546 3287 607 3345 itai.
629 3306 656 3360 p.
668 3293 737 3344 425.
759 3288 805 3346 Cf.
857 3295 962 3355 acerte
977 3289 1088 3348 Dorum
1107 3302 1167 3349 erat
1179 3296 1363 3366 (ΔΕΕΙΣΗΙ
1379 3321 1430 3376 pro

274 3401 380 3458 quoqne
395 3383 511 3439 Gmter.
523 3399 702 3440 nnxxxrx.
718 3389 745 3438 4.
857 3382 1018 3441 ΔΕΗΣΗΙ
1037 3385 1066 3440 in
1079 3385 1156 3444 Test.
1177 3390 1248 3448 Dor.
1264 3395 1337 3468 apud
1353 3395 1431 3452 Gru·

236 3503 346 3548 ποησω,
358 3477 410 3534 &e
425 3497 499 3552 saepe
514 3479 542 3533 in
563 3477 700 3551 Epictetae
722 3489 806 3537 testa·
856 3483 904 3532 ter·
920 3495 1036 3536 cem·
1059 3489 1088 3536 et
1106 3481 1142 3537 tf·
1165 3483 1255 3546 Koen.
1269 3488 1324 3544 nd·
1340 3488 1429 3566 Greg.

276 3587 370 3634 memo
394 3575 467 3649 apud
497 3574 612 3632 Gruter.
637 3593 663 3648 p.
689 3593 803 3634 ccxix.
856 3572 901 3628 ubi
925 3579 1021 3648 supra)
1049 3575 1224 3636 AEolensinm
1248 3599 1335 3639 necne
1355 3595 1430 3642 esset

275 3683 302 3729 et
317 3671 427 3728 Maisei.
441 3671 469 3725 in
485 3671 560 3728 Mus.
577 3671 682 3728 Veron.
854 3667 990 3728 incertum
1018 3681 1068 3730 est.
1111 3672 1192 3732 Unus
1213 3685 1348 3751 quantum
1371 3681 1429 3738 scio

237 3785 411 3831 εποεσαταν,
432 3763 460 3818 in
485 3763 573 3820 lnscr.
599 3763 705 3821 Dorica
732 3767 804 3841 apud
855 3766 952 3825 schol.
979 3767 1098 3825 Homer.
1122 3771 1158 3826 ed
1177 3771 1292 3833 lliad.1.
1316 3793 1345 3832 v.
1361 3783 1428 3844 117·

277 3856 414 3914 Dodweli
445 3857 509 3914 ltin.
527 3857 564 3915 ΙΙ.
593 3878 619 3932 p.
636 3863 703 3920 500.
732 3860 804 3917 inira
854 3882 914 3920 rem
934 3864 974 3920 ita
991 3881 1021 3921 se
1040 3865 1248 3941 haberedocet,
1263 3878 1339 3929 tecet
1354 3872 1430 3930 Gre-

274 3949 366 4009 Class.
382 3951 420 4009 11.
442 3953 517 4025 App.
536 3953 620 4010 inser.
635 3953 657 4011 1.
834 3950 837 3954 ’
855 3954 958 4030 gorius,
979 3966 1073 4016 tacent
1084 3960 1130 4018 alii
1141 3963 1175 4020 de
1187 3963 1324 4024 Dialectis
1334 3967 1430 4044 Scrip-

234 4067 389 4112 ποησωσιν,
424 4052 451 4100 et
479 4067 618 4114 πεποηκεν
651 4043 803 4103 Chandler.
854 4061 938 4110 toreS.

273 4136 306 4190 P.
322 4136 360 4193 11.
383 4141 469 4210 p.75.
894 4144 972 4206 ³cf.
1007 4146 1078 4205 inira
1114 4167 1175 4224 quae
1202 4151 1238 4208 ad
1275 4154 1426 4214 Deliacum

233 4252 349 4287 normas
364 4229 392 4287 in
408 4231 496 4292 inser.
519 4233 713 4292 Orchomenia
728 4234 802 4307 apud
855 4257 979 4299 marmor
992 4242 1061 4301 dixi.

212 4298 217 4307 “
271 4322 370 4384 eran.
394 4324 456 4383 ron.
488 4327 575 4388 P.11.
606 4329 680 4386 Sect.
699 4326 750 4384 111.
773 4348 800 4403 p.
894 4339 1042 4398 *Nemini
1066 4338 1154 4397 naun
1180 4343 1215 4399 sn
1248 4362 1313 4402 usus
1349 4349 1428 4405 vern

270 4426 335 4479 158.
351 4423 431 4497 (8vo.
443 4423 501 4494 ed.)
854 4431 951 4510 εδωκα,
974 4435 1045 4511 quod
1068 4433 1096 4492 in
1122 4434 1165 4494 his
1194 4439 1276 4498 rebus
1302 4435 1426 4503 solenne.
