3138 5096
738 361 806 436 ils'
1084 330 1090 338 ³
1146 362 1292 451 [Crass.
1317 351 1382 434 lli.

188 529 269 626 sint,
300 540 552 634 explicaretur.
616 541 726 629 Quod
753 543 798 614 dc
829 541 1058 635 precedente
1087 561 1264 611 marmore
1296 557 1383 612 vere

187 670 256 742 dici
272 694 344 742 non
362 681 489 764 potest.
534 665 717 743 Praeterea
732 672 762 742 si
777 670 862 742 illud
882 692 1038 743 marmor
1054 669 1198 742 vidisset
1211 669 1381 765 Sponius,

186 799 304 896 potius
338 823 444 896 quarn
486 811 646 873 nostrum
692 800 952 896 exscripsisset,
991 825 1074 874 curu
1113 801 1225 874 multo
1267 799 1384 897 magis

187 923 345 996 notabile
379 925 435 996 sit.
499 926 608 1015 Quod
641 926 788 998 nomina
822 925 964 1012 attinet,
1007 936 1061 999 tot
1096 927 1385 999 Atheniensibus

186 1052 280 1124 idern
318 1075 451 1126 nomen
490 1063 581 1138 erat,
625 1064 664 1126 ut
697 1053 785 1126 nibil
817 1055 949 1127 exinde
985 1053 1158 1152 colligere
1193 1056 1379 1150 possimus.

187 1181 280 1252 lllud
307 1205 461 1254 rnarmor
493 1194 592 1255 certe
623 1182 887 1255 Erechtheidos
912 1183 1028 1254 tribus
1057 1182 1243 1278 proprium
1278 1192 1379 1268 eretr

186 1313 255 1384 hoc
282 1323 413 1400 autem,
446 1337 526 1386 cum
555 1313 675 1407 plures
704 1313 818 1385 tribus
848 1322 1030 1396 memoret,
1062 1311 1207 1407 publico
1235 1320 1380 1405 sumptu

187 1444 378 1517 excitatum
410 1469 489 1518 esse
523 1447 646 1518 credo.
706 1446 799 1520 Cutu
837 1455 957 1517 autern
995 1444 1091 1514 inter
1129 1466 1168 1514 se
1204 1440 1379 1512 simillima

186 1575 269 1659 sint,
287 1584 480 1670 utrumque
497 1574 619 1645 forsan
637 1575 765 1646 eodem
782 1584 948 1669 tempore
966 1575 1142 1668 sculptum
1157 1584 1220 1658 est,
1240 1583 1280 1643 ut
1295 1595 1377 1644 suos

186 1703 335 1776 tribules
372 1703 509 1796 (plures
543 1703 678 1774 scilicet
709 1699 874 1794 nurnero)
907 1701 1134 1786 Erechtheis,
1166 1711 1376 1773 ceterarum

186 1843 307 1903 autern
335 1825 494 1901 tribuum
522 1831 669 1903 tribules
696 1835 790 1924 (cunr
818 1832 972 1929 singulae
995 1819 1079 1903 scios
1099 1831 1237 1902 bonore
1258 1829 1382 1901 debito

186 1961 357 2059 prosequi
375 1971 438 2033 aut
456 1962 651 2058 nequirent
666 1973 732 2034 aut
748 1963 901 2055 nollent)
923 1961 1127 2057 respublica
1145 1972 1379 2032 monumento

186 2071 384 2165 decoraret.
437 2089 510 2163 Sed
536 2101 658 2164 nostro
683 2092 851 2164 marmori
875 2091 998 2163 titulus
1022 2091 1136 2174 deest,
1159 2111 1272 2184 quare
1291 2087 1380 2159 nibil

185 2223 274 2299 certi
300 2224 407 2296 statui
434 2234 561 2320 potest.

261 2353 496 2428 Abbrcviatio
535 2359 610 2448 (res
644 2356 798 2442 insolita,
841 2366 881 2428 ut
913 2357 949 2426 in
995 2353 1270 2450 Prolegomenis
1298 2351 1379 2448 juni

186 2481 320 2555 dictum
343 2483 413 2572 est)
434 2482 470 2553 in
497 2483 566 2555 hoc
586 2508 760 2557 marmore
784 2486 838 2557 bis
858 2483 1089 2579 conspicitur,
1114 2489 1225 2558 ΤΡΙΕ
1247 2506 1296 2554 sc.
1313 2499 1381 2576 pro¹

184 2611 514 2693 ΤΙἸΕΡΑΡ)<ΟΣ’Ι

226 2821 236 2853 ²
259 2819 304 2879 Cl.
320 2819 402 2881 Mali.
422 2821 540 2897 de'Sigl.
557 2823 652 2884 Graec.
675 2841 703 2898 p.
717 2830 767 2889 72.
804 2823 919 2885 Coruin.
940 2827 1008 2886 Not.
1024 2829 1123 2888 Graec.
1142 2847 1170 2904 p.
1184 2825 1234 2888 68.
1254 2837 1281 2886 et
1300 2829 1381 2888 fust.-

1135 2923 1379 2997 Ambpssst
