3176 5094
617 401 965 466 nnounoonena.
1318 380 1366 452 lix

237 551 477 636 Thesaururn
496 553 777 649 Inscriptionum
792 555 948 651 primurn
965 555 1080 628 edidit
1094 554 1131 629 1.
1150 553 1365 638 Menochius

164 665 237 771 (rel
255 693 301 758 ut
315 684 378 756 ulii
389 685 516 758 volunt
530 685 577 758 Α.
593 685 760 778 Fulvius)
774 685 903 761 Romae
917 710 952 758 u.
970 713 1007 760 n.
1023 699 1131 774 1521,
1150 687 1363 770 secundum,

163 813 287 898 oredo,
325 812 567 911 lngolstadtii,
604 813 766 908 Apianus
804 824 842 886 et
888 814 1081 889 Amantius
1121 838 1206 888 un.
1237 811 1365 886 11341

163 937 300 1024 Postea
334 944 435 1016 multi
459 943 713 1040 inscriptiones
739 944 934 1042 colligendi
963 943 1083 1018 studio
1113 945 1364 1030 trahebantur,

164 1067 260 1142 inter
308 1095 400 1168 quos
440 1072 639 1149 eminuisse
674 1071 816 1146 videtur
851 1072 1033 1149 Martinus
1069 1073 1239 1162 Smetius,
1279 1097 1362 1161 cnm

163 1200 367 1300 diligentie,
406 1213 483 1276 tum
514 1203 702 1298 patientie.
771 1201 904 1276 Postea
935 1203 1032 1274 enirn
1069 1226 1176 1298 quam
1210 1202 1363 1298 inscrip-

165 1331 283 1406 tiones
313 1357 396 1408 suns
425 1335 472 1405 ud
500 1332 662 1406 ordinem
691 1331 903 1428 redegisset,
934 1333 1062 1423 domus
1090 1330 1260 1404 universa
1291 1353 1363 1402 una

164 1482 246 1531 cum
275 1459 448 1534 chartulis
473 1459 551 1532 lere
581 1458 749 1532 omnibus
782 1458 1015 1532 comburitur.
1058 1459 1227 1533 Attamen
1255 1457 1363 1533 enrici

159 1589 278 1685 jussu,
316 1589 550 1667 Thesaurum
581 1613 686 1662 suum
720 1611 867 1684 quoquo
901 1590 1022 1683 potuit
1051 1591 1158 1662 modo
1195 1588 1362 1676 restituit,

165 1733 203 1794 et
236 1723 401 1796 hurino
434 1726 530 1822 dono
562 1725 673 1812 dedit,
707 1750 729 1798 n
763 1749 835 1821 quo
870 1729 954 1798 dunr
991 1752 1057 1825 per
1090 1729 1258 1828 Belgium
1293 1728 1364 1801 iter

166 1853 314 1941 lacera,
357 1853 479 1928 omniu
509 1856 556 1927 ab
592 1855 712 1952 Anglo
743 1857 898 1950 quodam
936 1856 1045 1931 milite
1080 1859 1232 1954 obrepta
1264 1869 1361 1933 sunt.

167 1981 301 2054 Postea
330 1990 451 2054 sutem
479 1979 597 2057 danus
628 1982 755 2056 Dousa
785 2006 875 2077 opus
908 1981 1037 2055 Smetii
1067 1984 1106 2057 in
1142 1987 1276 2086 Anglio
1305 2012 1361 2060 re-

168 2109 258 2206 perit
279 2124 394 2208 etque
416 2117 465 2188 ab
491 2117 561 2188 hoc
583 2114 693 2188 milite
715 2117 813 2201 emit,
840 2140 920 2202 nec,
947 2116 1058 2213 longo
1082 2129 1163 2213 post
1184 2128 1369 2216 tempore,-

124 2295 127 2300 ,
166 2243 295 2338 lipsio
338 2246 500 2341 suspice,
538 2245 710 2344 Lugduni
753 2247 970 2320 Batavorum
1009 2247 1188 2323 edendnm
1223 2251 1363 2326 curavit

167 2393 202 2442 a.
232 2393 266 2444 o.
300 2382 408 2443 1⁵88.
443 2370 570 2447 Smetii
610 2397 703 2468 opus
744 2397 825 2446 cum
863 2376 1037 2448 recudere
1070 2374 1206 2462 vellent
1247 2378 1362 2452 Scati-

165 2521 275 2594 gerus
299 2508 339 2570 et
366 2499 546 2588 velserus,
573 2526 596 2573 a
624 2500 784 2574 Grutero
815 2501 1052 2595 impetravere
1082 2514 1122 2576 ut
1153 2529 1277 2583 eorum
1304 2532 1362 2580 co-

167 2633 312 2707 natibus
358 2634 603 2708 auxiliaretur.
671 2636 771 2732 Ergo
817 2635 875 2708 ille
917 2662 983 2732 per
1027 2641 1194 2736 epistolas
1233 2668 1360 2727 omnes

167 2758 240 2832 l'ere
258 2760 420 2852 eruditos
436 2785 502 2856 per
519 2762 702 2858 Europam
725 2764 842 2837 oravit
859 2775 900 2836 ut
916 2769 1115 2864 symbolam
1139 2769 1359 2848 conferrent.

167 2884 236 2974 Qui
267 2909 351 2960 cunr
378 2889 459 2986 ejus
494 2890 663 2984 precibus
694 2895 917 2980 annuissent,
957 2905 995 2967 ct
1032 2919 1155 2976 eorum
1189 2924 1259 2994 ope
1280 2904 1359 2999 jum

167 3039 339 3114 nragnnm
382 3015 654 3112 inscriptionum
700 3045 888 3096 numerum
924 3023 1102 3098 Gruterus
1142 3027 1359 3134 collegisset,

165 3141 449 3242 Soeligcrusque
506 3144 649 3218 Indices
695 3150 881 3245 (undecim
930 3152 1106 3226 mensium
1152 3153 1257 3249 opus)
1296 3182 1361 3254 np-

166 3275 358 3368 posuisset,
384 3273 693 3370 “inscriptionum
717 3288 877 3356 veterum
896 3279 1050 3354 Romani
1068 3282 1166 3356 orbis
1178 3291 1200 3316 ''
1230 3284 1360 3384 ingens

167 3403 333 3473 volumen
356 3400 468 3472 edidit
483 3402 664 3474 Gruterus
687 3405 960 3505 Heidelbergae,
985 3409 1205 3484 1.1).1601.
1257 3414 1359 3486 Idem

167 3553 256 3625 opus
272 3530 385 3624 longe
397 3527 539 3600 auctius
556 3553 637 3600 cum
657 3534 749 3604 notis
763 3534 887 3620 Gudii‚
904 3536 1052 3623 Graevii,
1072 3549 1182 3634 utque
1195 3541 1359 3627 aliorum,

168 3658 296 3729 edente
330 3655 557 3744 Burmanno,
591 3659 851 3737 Amstelodami
887 3686 923 3737 s.
942 3692 978 3739 n.
1017 3677 1124 3755 1707,
1152 3666 1358 3764 evulgatum

132 3842 140 3862 ⁸
206 3837 284 3896 ¹Cs.
313 3839 411 3896 Burm.
441 3838 524 3896 Praet.
559 3839 595 3895 ad
623 3841 737 3898 Gruter.
790 3849 964 3904 1521.men.
980 3848 1092 3922 April.'’

167 3937 253 3998 Thes.
267 3957 297 4013 p.
310 3943 341 3996 5.
361 3937 471 3996 Titulos
484 3937 585 3994 horum
602 3939 737 3996 librorum
787 3944 816 3997 2.
839 3941 969 3998 “Petrus
983 3943 1121 4016 Apiaous.
1165 3945 1360 4023 Inscriptiones

167 4033 228 4108 (qui
253 4032 283 4088 in
307 4033 385 4090 Mus.
413 4032 523 4090 Britan.
551 4037 664 4112 extant)
690 4052 739 4090 ex·
787 4042 987 4092 sacro-sanctos
1000 4036 1148 4093 vetustatis
1162 4056 1217 4096 non
1231 4038 1287 4098 illae
1301 4041 1361 4116 qui·

168 4127 275 4185 scribo:
787 4129 851 4184 dem
871 4128 1009 4186 Romnnae
1028 4131 1077 4188 sed
1098 4132 1183 4190 totius
1200 4134 1257 4192 lere
1273 4136 1358 4205 orbis,

169 4229 196 4278 1.
230 4219 478 4295 “Epigrammata
491 4222 612 4297 antiques
633 4223 740 4294 urbis,”
789 4238 902 4278 summo
920 4222 1056 4279 studione
1075 4225 1208 4282 maximis
1227 4225 1360 4298 impensis

167 4313 204 4370 ad
243 4313 329 4375 tinem
359 4315 424 4372 libri
464 4316 526 4374 baec
563 4315 740 4392 adjiciuntur.
790 4324 866 4372 terra
888 4316 1014 4392 marique
1039 4319 1224 4396 conquisitae.”
1264 4319 1353 4396 Ingol·

167 4413 186 4441 ‘¹
196 4407 295 4485 Romen
309 4409 339 4468 in
353 4408 458 4467 aedibus
472 4409 572 4468 Jscobi
586 4409 741 4481 Maeochii,
791 4411 876 4468 stadt.
893 4415 980 4468 1534.
