3218 5116
806 359 874 420 1⁵2
1192 359 1346 443 [Cunss.
1369 361 1434 428 111.

233 523 348 596 aedem
384 524 553 620 pellicum
585 547 729 598 suarum
762 549 978 624 gynaeceom
1011 551 1090 600 esse
1122 527 1298 612 voluerat,
1342 530 1434 602 sicut

235 659 416 752 quondam
436 657 646 731 Demetrius
666 658 890 732 Poliorcetes
910 661 1194 734 Parthenonem.
1238 661 1439 734 Nescimus¹

233 797 367 873 autem,
395 797 514 858 utrum
543 787 686 861 obsidio
718 789 954 876 Venetorum,
981 801 1067 886 qua
1084 793 1163 864 lraec
1189 792 1287 867 oedcs
1317 791 1433 866 deleto

233 924 298 998 ert,
325 939 373 988 an
402 937 485 1009 quae
517 916 677 1010 proxime
709 915 1154 1011 sequebantur'tempora
1185 917 1432 992 Erechtheum

234 1045 268 1116 in
287 1057 371 1120 euin
389 1057 521 1120 statum
542 1050 761 1147 redegerint,
786 1072 860 1146 quo
879 1059 1043 1122 nuncest.
1117 1050 1254 1124 Stuorti
1273 1061 1434 1146 tempore

233 1201 359 1250 omnes
389 1179 534 1276 quidem
567 1181 758 1264 columnoe,
787 1191 968 1276 quotquot
995 1191 1109 1268 erant,
1135 1204 1202 1254 suo
1237 1179 1319 1255 loco
1344 1205 1430 1276 pre-

233 1307 399 1384 stabant:
438 1320 476 1381 at
512 1309 667 1406 epistylii
719 1333 812 1404 pars,
849 1311 1030 1404 zophorus
1078 1309 1259 1396 dimidius,
1297 1335 1432 1386 corona

233 1435 309 1510 fere
337 1437 454 1508 omnis
485 1435 703 1510 deciderat¹.
752 1435 917 1509 Parietes
942 1459 1081 1520 omncs,
1108 1435 1172 1532 qui
1202 1436 1328 1516 cellam
1357 1436 1431 1510 ‹lis-

232 1563 482 1650 criminabant,
510 1566 780 1638 interciderant.
832 1564 944 1638 Tecti
964 1565 1068 1638 ruina
1086 1589 1172 1638 area
1189 1566 1313 1662 templi
1331 1565 1429 1664 frag·

233 1696 363 1768 mentis
396 1693 548 1779 consita,
576 1717 660 1788 quae
688 1717 853 1790 nupcrne
889 1695 1030 1770 sublata
1061 1695 1135 1770 sint
1164 1697 1299 1770 neseio.
1342 1697 1429 1772 Por-

230 1829 334 1915 ticus,
371 1852 453 1924 quae
491 1829 537 1900 ud
572 1827 780 1923 aquilonem
817 1830 946 1927 vergit,
987 1830 1065 1903 rudi
1097 1829 1235 1924 pariete
1264 1829 1427 1925 obsepta,

230 1970 267 2032 et
303 1957 453 2054 pulvere
492 1959 621 2031 uitrico
653 1960 700 2030 ad
738 1959 823 2032 belli
863 1971 1081 2054 apparatum
1122 1959 1274 2056 opplctu
1331 1961 1432 2034 Hinc

230 2085 472 2162 necessarium
514 2087 637 2173 liebat,
681 2086 812 2160 ostium
856 2089 891 2161 in
931 2089 1069 2183 pariete
1114 2089 1161 2160 ad
1203 2089 1426 2164 occidentem

230 2217 439 2319 effringere.
494 2219 656 2294 Alteram
678 2221 858 2316 porticum
886 2245 968 2317 quae
999 2222 1179 2296 sustinent
1202 2223 1428 2321 Caryatides,

230 2322 353 2422 earum
386 2374 493 2424 unam
520 2349 669 2422 abstulit
700 2351 823 2423 nescio
857 2350 921 2447 qui
951 2350 1091 2435 Tucca,
1122 2353 1270 2425 alteram
1310 2376 1430 2447 nuper
1517 2411 1523 2418 .

230 2482 396 2580 Elginue,
437 2481 567 2552 nobilis
599 2480 741 2575 Anglus
779 2482 842 2552 sed
882 2483 997 2580 magis
1032 2482 1185 2555 audacie
1220 2481 1428 2577 rapinarum

229 2606 461 2679 nobilitatus:
489 2605 551 2701 qui
581 2617 619 2677 ot
645 2607 837 2701 populares
864 2612 920 2682 sui
949 2609 1151 2686 extremum
1170 2613 1314 2686 Graecae
1340 2609 1429 2682 artis

228 2733 391 2829 spiritum
411 2734 633 2828 exciperent,
660 2758 738 2806 eam
754 2735 903 2832 penitus
921 2741 1106 2814 conficere
1123 2743 1222 2813 haud
1239 2738 1428 2813 dubitavit.

231 2865 350 2961 Hujus
373 2864 505 2947 locum,
534 2889 581 2937 ne
602 2875 735 2937 tectum
753 2867 994 2940 columinibus
1011 2870 1178 2944 orbatum
1200 2895 1286 2944 cusu
1309 2871 1430 2944 subito

228 3005 361 3082 rueret,
387 2993 485 3067 calce
504 3005 542 3067 et
559 2994 640 3066 rudi
659 2996 774 3092 lapide
790 2998 960 3093 supplere
977 2997 1092 3070 visum
1114 3012 1168 3072 est
1180 2997 1228 3070 ’δ’

304 3123 399 3197 “Ex
430 3125 498 3210 his,
526 3147 612 3220 quae
641 3140 850 3222 supersunt,
878 3125 1070 3199 ruderibus
1098 3127 1277 3200 diathesin
1308 3129 1430 3224 templi

228 3255 371 3327 duobus
397 3251 517 3324 verbis
537 3252 586 3322 ito
614 3251 790 3324 describo.
842 3253 909 3324 Est
932 3253 1023 3325 cella
1045 3276 1110 3347 per
1133 3256 1290 3349 parietes
1315 3266 1430 3328 trans·

228 3407 349 3459 versos
379 3383 556 3480 tripartita
586 3406 668 3454 cum
699 3384 860 3480 prostylo
886 3386 933 3456 ad
963 3386 1141 3459 orientem
1170 3385 1296 3476 solem,
1321 3397 1431 3480 atque

227 3511 427 3610 porticibus
455 3512 595 3583 duabus
627 3511 771 3606 utrique
805 3513 967 3603 humero,
995 3537 1069 3610 qua
1095 3515 1267 3610 templum
1296 3517 1342 3587 ad
1369 3537 1431 3586 oc·

227 3644 408 3716 ridentem
445 3642 575 3740 vergit,
613 3641 662 3712 ita
695 3640 897 3727 adstructis,
935 3657 974 3717 ut
1006 3669 1087 3718 cum
1121 3644 1212 3718 cella
1247 3671 1314 3742 per
1341 3645 1430 3716 ostiu

143 3827 149 3837 .
228 3795 403 3845 connexae
421 3772 503 3843 sint.
555 3769 653 3844 Hinc
680 3768 841 3844 existunt
863 3797 926 3848 sex
954 3786 1096 3872 partes:
1128 3776 1323 3873 Prostylon
1340 3774 1432 3846 hex·

228 3901 370 4002 astylon
405 3901 532 3998 parieti
573 3901 675 3973 cellae
695 3901 958 4000 'applicatum
998 3905 1102 3978 Cella
1135 3904 1306 3987 anterior,
1347 3927 1431 4000 quae

268 4118 278 4149 ¹
301 4118 338 4174 V.
356 4117 461 4174 Stuart.
482 4115 519 4172 Τ.
536 4114 576 4171 ll.
600 4111 647 4169 ch.
667 4116 694 4169 3.
716 4113 802 4174 tb.1.
852 4118 882 4175 in
897 4115 1033 4193 Angliam
1049 4117 1205 4188 abstulerit,
1225 4112 1329 4172 vellem
1342 4115 1433 4174 diser-

229 4209 374 4270 Chandler
407 4207 526 4266 'stavela
559 4226 585 4266 c·
612 4213 659 4263 ll·
695 4226 722 4281 Ρ.
754 4213 802 4268 52·
853 4213 908 4271 tius
928 4223 1100 4272 memoraret
1121 4212 1210 4271 liber:
1232 4209 1340 4285 Report
1358 4210 1431 4268 from

230 4291 335 4362 Clorke
344 4298 464 4361 Travelt
478 4301 512 4356 P·
521 4300 560 4358 ll·
577 4300 650 4358 Swt·
660 4305 690 4358 2·
703 4301 742 4357 tb·
755 4307 802 4364 15·
854 4309 902 4367 the
915 4307 1003 4365 select
1019 4306 1183 4366 committee
1202 4323 1238 4363 on
1253 4304 1304 4363 the
1319 4303 1388 4362 Earl
1401 4302 1435 4361 oi

270 4397 454 4456 ¹Hobhotrae
467 4392 591 4454 Albania
603 4392 639 4449 T.
651 4393 674 4451 l.
687 4393 741 4453 litt.
754 4399 802 4453 23.
855 4399 962 4476 Elg'm's
975 4394 1135 4459 'collection
1160 4422 1189 4477 p.
1204 4403 1254 4460 83.
1299 4399 1344 4459 Cf.
1366 4399 1433 4457 Vit-

231 4509 258 4564 p.
270 4493 340 4548 34³.
383 4490 454 4558 Quae
480 4487 598 4564 Elginua
625 4507 719 4550 comes
740 4489 803 4548 inde
854 4498 930 4558 conti
953 4495 1109 4556 Memoim
1131 4515 1158 4570 p,
1176 4501 1267 4555 112·
1351 4512 1357 4521 ⁸
