3196 5100
783 411 853 473 238
1188 411 1335 494 [Crass.
1360 413 1418 480 tlt.

196 553 324 676 'reges
358 577 507 676 jubent,
549 576 795 648 immunitate
864 577 958 650 oum
1002 580 1228 654 debitoribus
1271 585 1419 678 murteo

218 709 478 805 rempublicam
491 731 636 805 gerere,
653 707 722 778 nisi
734 709 805 780 trac
820 707 914 801 ἀδείᾳ
925 701 1121 804 impetrata
1130 711 1154 793 ¹,
1173 713 1258 810 lege
1271 715 1417 787 vetitum

221 851 329 924 esset,
366 839 552 912 Bo'ckhiuc
569 837 614 908 ad
641 836 832 930 pecuniam
859 839 1133 914 Heiienotamiis
1160 855 1285 918 mutuo
1301 847 1416 918 datam

216 971 431 1066 respiciens,
464 971 675 1068 hujusmodi
707 967 818 1044 diemo
848 974 906 1043 hic
943 975 1044 1045 innui
1080 987 1193 1070 putot.
1264 977 1416 1051 Minime

217 1111 341 1172 autem
377 1100 543 1198 intelligo
579 1124 690 1197 quare
725 1101 760 1172 in
805 1103 963 1196 pecunia
1007 1129 1028 1174 e
1071 1105 1251 1177 thesauris
1294 1107 1417 1178 hausta

219 1227 445 1298 recensenda
476 1226 549 1298 ulla
579 1223 670 1299 ἄδεια
702 1238 932 1316 memoretur,
965 1253 1034 1302 nec
1070 1231 1196 1303 dubito
1232 1231 1320 1325 quin
1350 1233 1416 1305 alia

218 1353 328 1434 lectio
351 1354 407 1425 -ait
440 1351 692 1451 excogitanda.
746 1354 791 1425 ln
828 1379 908 1427 meo
939 1357 1161 1453 apographo,
1203 1369 1244 1428 ut
1286 1356 1416 1429 Lector

217 1485 491 1568 animadvertet,
526 1481 660 1579 iegitur
696 1493 789 1558 ΕΝΑ
831 1493 948 1571 ΕΑΝ;
990 1485 1026 1556 in
1065 1485 1277 1581 apographo
1311 1484 1414 1556 amici

218 1615 287 1686 mei
315 1613 502 1710 cujusdam
525 1621 844 1689 ΤΕΝΔΔΕΤΑΝ.

292 1741 351 1811 Ad
369 1737 478 1810 finem
497 1737 604 1811 linere
622 1737 851 1812 Cirondierue
874 1741 966 1838 tegit
982 1747 1047 1814 ΤΕ
1064 1750 1101 1810 et
1120 1739 1157 1810 in
1181 1737 1415 1834 explicatione

214 1871 338 1942 tuens
368 1879 562 1947 ΤΑΡΤΕΣ
590 1869 727 1968 adjicit.
782 1870 951 1948 Ridicule
976 1872 1146 1956 omnin03
1181 1871 1268 1945 Sin
1300 1871 1414 1966 rapite

216 2001 315 2072 haud
352 2011 462 2088 extat,
506 2023 574 2074 uec
616 2013 740 2074 extare
778 2014 907 2096 potest,
948 2024 1059 2098 quum
1094 1997 1220 2096 poete'a
1257 2006 1415 2099 Κικροτές

217 2133 375 2230 τετάρτη
407 2135 657 2230 opor-avetinum
692 2143 923 2206 memoretur.
977 2131 1192 2229 [egendum
1229 2131 1414 2204 manifesto

218 2265 823 2366 Ι1“(ΙἸΤΕΣῐ’ΡΥΤΑΝΕΥΟΣΕΣ)
864 2273 901 2334 et
931 2272 1057 2358 postca
1101 2262 1183 2333 oiim
1219 2251 1258 2330 in
1299 2257 1414 2356 lapide

218 2396 336 2469 extitit
362 2399 438 2472 dies
465 2397 650 2491 Prytaniae
677 2417 748 2490 qua
775 2403 963 2465 numerata
988 2402 1044 2464 eet
1070 2390 1235 2487 pecunia.

294 2525 339 2596 L.
363 2535 400 2608 ³,
422 2537 457 2608 4,
479 2537 513 2593 5.
566 2525 609 2596 lu
638 2523 695 2594 his
722 2522 826 2594 lineis
855 2531 1098 2593 memorantur
1128 2530 1199 2590 248
1231 2517 1411 2590 Statems¹

216 2650 309 2734 ouri,
340 2660 379 2720 ut
406 2649 559 2731 videtur,
595 2649 782 2746 Cyziceni,
812 2647 1086 2722 Hellenotamiia
1104 2657 1227 2718 mutuo
1244 2645 1341 2731 dati3
1376 2657 1414 2720 et

116 2749 121 2760 ’
217 2775 371 2858 accedit,
408 2787 558 2848 auctore
592 2776 769 2860 Boethio,
797 2776 935 2846 fructus
970 2797 1015 2845 ex
1051 2775 1128 2884 hac,
1145 2771 1301 2868 pecnnia
1334 2777 1412 2868 pto·

219 2902 364 2976 fluentis
393 2903 564 2991 calculus,
582 2905 678 2977 linea
696 2925 746 2975 ec.
767 2913 905 3000 quarta,
925 2903 987 2974 ubi
1005 2901 1159 2998 legimus
1180 2911 1412 2990 ΣΣΣΣΣΣΣ,

215 3034 353 3125 septem
383 3030 523 3105 scilicet
555 3025 752 3106 stateras&
807 3032 922 3104 Deest
949 3031 1083 3128 aliquid
1115 3053 1203 3129 ergo
1229 3034 1276 3104 ud
1307 3025 1412 3103 finem

214 3159 325 3231 iineae
352 3163 537 3245 Secutidae,
570 3163 694 3235 forsan
729 3159 985 3245 Ἐδανιῖσθησαν
1017 3167 1153 3256 χρυσίον
1187 3159 1412 3256 (Κυζικηνοῦ).

217 3285 263 3358 In
298 3285 498 3362 Chaodieri
530 3291 740 3388 apographo
773 3269 907 3386 lepitur
938 3289 973 3359 in
1014 3289 1110 3360 tinea
1149 3289 1256 3360 tertia
1290 3299 1412 3364 ΤΙΜΕ

215 3427 559 3504 ΤΟΠΟΝΔΑΝ;
586 3419 668 3502 ced,
702 3431 741 3490 ut
776 3413 862 3490 mihi
889 3415 1043 3500 uidetur,
1073 3425 1161 3509 poet.
1180 3424 1411 3500 ΤΟΥΤΟΝ,

216 3569 290 3621 non
309 3548 343 3613 Δ
361 3547 425 3617 aad
443 3547 525 3617 dure
540 3544 655 3621 iiterae
672 3546 710 3615 in
728 3543 847 3638 lapido
865 3541 948 3616 olim
969 3540 1134 3613 extitere.
1186 3541 1413 3616 Chondlerue

215 3693 666 3779 onuoeuzorreuou),
695 3678 879 3756 Boeotum
906 3687 1335 3774 onniauxoenrou)
1363 3677 1414 3750 re-

209 3812 376 3909 'geodum
396 3819 511 3906 putot.
550 3807 638 3893 Τιμῆ
657 3807 783 3879 eodem
801 3824 909 3876 sensu
928 3803 1121 3876 diciturne
1139 3807 1249 3892 τόκος,
1267 3815 1415 3876 auctore

215 3938 394 4028 Boethio,
419 3941 480 4036 qui
508 3938 672 4034 proxima
698 3936 795 4006 linea
815 3933 886 4005 ubi
917 3944 1127 4011 ΕΔΑΝΕΙΣ
1151 3925 1286 4031 iegitur
1310 3931 1415 4027 (iilud

215 4067 313 4139 enim
331 4079 386 4140 cot
409 4067 446 4138 in
472 4089 664 4148 marmore,
692 4087 765 4135 non
787 4073 969 4140 ΕΔΑΝΙΣ
987 4074 1027 4134 ut
1053 4063 1143 4134 fuleo
1169 4057 1413 4148 Chandierus)

221 4203 566 4274 ΕΔΑΝΕΙΣΑΜΕΝ
596 4191 838 4286 supplendum
866 4201 980 4285 putat.
1034 4191 1127 4261 Cum
1154 4198 1275 4260 autem
1300 4187 1415 4282 prima

255 4392 264 4423 ¹
288 4387 363 4450 Plut.
378 4389 465 4450 Phoci
481 4386 530 4446 26.
842 4381 1130 4474 Steteres'injoaer.
1154 4380 1229 4453 apud
1253 4377 1365 4436 Hoesel.
1386 4377 1413 4432 io

253 4481 264 4513 ¹
298 4483 406 4542 Eodem
438 4483 523 4542 modo
557 4485 789 4554 representantur
841 4473 1065 4533 Praei.adGud.
1083 4469 1270 4546 inscripxi.
1359 4485 1381 4498 ”
