<?xml version="1.0" encoding="UTF-8"?>
<!DOCTYPE html PUBLIC "-//W3C//DTD XHTML 1.0 Transitional//EN"
    "http://www.w3.org/TR/xhtml1/DTD/xhtml1-transitional.dtd">
<html xmlns="http://www.w3.org/1999/xhtml" xml:lang="en" lang="en">
 <head>
  <title>
</title>
<meta http-equiv="Content-Type" content="text/html;charset=utf-8" />
  <meta name='ocr-system' content='tesseract 3.04.00' />
  <meta name='ocr-capabilities' content='ocr_page ocr_carea ocr_par ocr_line ocrx_word'/>
</head>
<body>
  <div class='ocr_page' id='page_1' title='image "./inscriptionesgr00rosegoog_0427.png"; bbox 0 0 3196 5100; ppageno 0'>
   <div class='ocr_carea' id='block_1_1' title="bbox 1207 383 1448 469">
    <p class='ocr_par' dir='ltr' id='par_1_1' title="bbox 1207 383 1448 469">
     <span class='ocr_line' id='line_1_1' title="bbox 1207 383 1448 469; baseline 0.008 -19"><span class='ocrx_word' id='word_1_1' title='bbox 1207 383 1358 469; x_wconf 75' lang='lat' dir='ltr'><strong>[Corss.</strong></span> <span class='ocrx_word' id='word_1_2' title='bbox 1385 385 1448 453; x_wconf 73' lang='lat'><em>111„</em></span> 
     </span>
    </p>
   </div>
   <div class='ocr_carea' id='block_1_2' title="bbox 382 897 1309 1174">
    <p class='ocr_par' dir='ltr' id='par_1_2' title="bbox 382 897 1309 1174">
     <span class='ocr_line' id='line_1_2' title="bbox 382 897 1309 984; baseline -0.003 -2"><span class='ocrx_word' id='word_1_3' title='bbox 382 902 537 984; x_wconf 77' lang='lat' dir='ltr'><strong>Onnes.</strong></span> <span class='ocrx_word' id='word_1_4' title='bbox 566 899 658 982; x_wconf 93' lang='lat' dir='ltr'><strong>III.</strong></span> <span class='ocrx_word' id='word_1_5' title='bbox 712 900 841 982; x_wconf 78' lang='lat' dir='ltr'><strong>Siron.</strong></span> <span class='ocrx_word' id='word_1_6' title='bbox 872 897 937 979; x_wconf 94' lang='lat' dir='ltr'><strong>II.</strong></span> <span class='ocrx_word' id='word_1_7' title='bbox 991 899 1148 980; x_wconf 83' lang='lat' dir='ltr'><strong>Iuscn.</strong></span> <span class='ocrx_word' id='word_1_8' title='bbox 1175 900 1309 981; x_wconf 92' lang='lat' dir='ltr'><strong>VIII.</strong></span> 
     </span>
     <span class='ocr_line' id='line_1_3' title="bbox 490 1097 1207 1174; baseline -0.008 0"><span class='ocrx_word' id='word_1_9' title='bbox 490 1101 732 1174; x_wconf 78' lang='lat' dir='ltr'><strong>MnnMolt</strong></span> <span class='ocrx_word' id='word_1_10' title='bbox 769 1097 1121 1173; x_wconf 79' lang='lat' dir='ltr'><strong>ELGINIANUM</strong></span> <span class='ocrx_word' id='word_1_11' title='bbox 1162 1097 1207 1168; x_wconf 84' lang='lat' dir='ltr'><strong>V.</strong></span> 
     </span>
    </p>
   </div>
   <div class='ocr_carea' id='block_1_3' title="bbox 734 1248 1044 1354">
    <p class='ocr_par' dir='ltr' id='par_1_3' title="bbox 734 1248 1044 1354">
     <span class='ocr_line' id='line_1_4' title="bbox 734 1248 1044 1354; baseline -0.006 -3"><span class='ocrx_word' id='word_1_12' title='bbox 734 1296 828 1354; x_wconf 73' lang='lat' dir='ltr'><strong>Tou.</strong></span> <span class='ocrx_word' id='word_1_13' title='bbox 852 1294 984 1352; x_wconf 81' lang='lat' dir='ltr'><strong>XXXII.</strong></span> <span class='ocrx_word' id='word_1_14' title='bbox 1037 1248 1044 1264; x_wconf 51' lang='lat' dir='ltr'><strong>s</strong></span> 
     </span>
    </p>
   </div>
   <div class='ocr_carea' id='block_1_4' title="bbox 808 1526 937 1572">
    <p class='ocr_par' dir='ltr' id='par_1_4' title="bbox 808 1526 937 1572">
     <span class='ocr_line' id='line_1_5' title="bbox 808 1526 937 1572; baseline 0 -16"><span class='ocrx_word' id='word_1_15' title='bbox 808 1526 937 1572; x_wconf 41' lang='grc' dir='ltr'><strong>..φ-</strong></span> 
     </span>
    </p>
   </div>
   <div class='ocr_carea' id='block_1_5' title="bbox 246 1728 1441 1948">
    <p class='ocr_par' dir='ltr' id='par_1_5' title="bbox 246 1728 1441 1948">
     <span class='ocr_line' id='line_1_6' title="bbox 246 1728 1441 1825; baseline -0.001 -20"><span class='ocrx_word' id='word_1_16' title='bbox 246 1739 391 1805; x_wconf 79' lang='lat' dir='ltr'><strong>Pouock.</strong></span> <span class='ocrx_word' id='word_1_17' title='bbox 421 1737 522 1802; x_wconf 87' lang='lat' dir='ltr'><strong>inser.</strong></span> <span class='ocrx_word' id='word_1_18' title='bbox 551 1728 661 1822; x_wconf 77' lang='lat' dir='ltr'><strong>Antiq.</strong></span> <span class='ocrx_word' id='word_1_19' title='bbox 685 1755 717 1820; x_wconf 87' lang='lat' dir='ltr'><strong>p.</strong></span> <span class='ocrx_word' id='word_1_20' title='bbox 742 1743 797 1802; x_wconf 74' lang='lat'><strong>52.</strong></span> <span class='ocrx_word' id='word_1_21' title='bbox 835 1732 900 1800; x_wconf 87' lang='lat' dir='ltr'><strong>No.</strong></span> <span class='ocrx_word' id='word_1_22' title='bbox 927 1739 982 1799; x_wconf 70' lang='lat' dir='ltr'><strong>ta.</strong></span> <span class='ocrx_word' id='word_1_23' title='bbox 1039 1732 1163 1802; x_wconf 83' lang='lat' dir='ltr'><strong>Osann.</strong></span> <span class='ocrx_word' id='word_1_24' title='bbox 1192 1737 1312 1822; x_wconf 78' lang='lat' dir='ltr'><strong>Syltog.</strong></span> <span class='ocrx_word' id='word_1_25' title='bbox 1339 1765 1372 1825; x_wconf 88' lang='lat' dir='ltr'><strong>p.</strong></span> <span class='ocrx_word' id='word_1_26' title='bbox 1397 1749 1441 1804; x_wconf 87' lang='grc'><strong>11.</strong></span> 
     </span>
     <span class='ocr_line' id='line_1_7' title="bbox 477 1845 1083 1948; baseline 0.005 -34"><span class='ocrx_word' id='word_1_27' title='bbox 477 1941 481 1948; x_wconf 24' lang='grc' dir='ltr'>ι</span> <span class='ocrx_word' id='word_1_28' title='bbox 626 1849 749 1916; x_wconf 62' lang='lat' dir='ltr'><strong>Nos.</strong></span> <span class='ocrx_word' id='word_1_29' title='bbox 795 1845 983 1916; x_wconf 80' lang='lat' dir='ltr'><strong>Mus.0at.</strong></span> <span class='ocrx_word' id='word_1_30' title='bbox 1009 1855 1083 1919; x_wconf 74' lang='lat' dir='ltr'><strong>aad.</strong></span> 
     </span>
    </p>
   </div>
   <div class='ocr_carea' id='block_1_6' title="bbox 150 2013 1449 3668">
    <p class='ocr_par' dir='ltr' id='par_1_6' title="bbox 150 2013 1449 3668">
     <span class='ocr_line' id='line_1_8' title="bbox 319 2013 1443 2133; baseline 0.009 -29"><span class='ocrx_word' id='word_1_31' title='bbox 319 2013 545 2110; x_wconf 81' lang='lat' dir='ltr'><strong>Poeocnrus</strong></span> <span class='ocrx_word' id='word_1_32' title='bbox 574 2036 670 2106; x_wconf 87' lang='lat' dir='ltr'><strong>hane</strong></span> <span class='ocrx_word' id='word_1_33' title='bbox 698 2034 970 2128; x_wconf 82' lang='lat' dir='ltr'><strong>inscriptionem</strong></span> <span class='ocrx_word' id='word_1_34' title='bbox 1005 2035 1177 2126; x_wconf 75' lang='lat' dir='ltr'><strong>(Athenis</strong></span> <span class='ocrx_word' id='word_1_35' title='bbox 1209 2049 1387 2133; x_wconf 86' lang='lat' dir='ltr'><strong>repertam</strong></span> <span class='ocrx_word' id='word_1_36' title='bbox 1411 2049 1443 2114; x_wconf 85' lang='lat' dir='ltr'><strong>et</strong></span> 
     </span>
     <span class='ocr_line' id='line_1_9' title="bbox 245 2162 1444 2258; baseline 0 -18"><span class='ocrx_word' id='word_1_37' title='bbox 245 2167 352 2242; x_wconf 85' lang='lat' dir='ltr'><strong>hodie</strong></span> <span class='ocrx_word' id='word_1_38' title='bbox 386 2167 423 2239; x_wconf 94' lang='lat' dir='ltr'><strong>in</strong></span> <span class='ocrx_word' id='word_1_39' title='bbox 459 2165 592 2238; x_wconf 87' lang='lat' dir='ltr'><strong>Museo</strong></span> <span class='ocrx_word' id='word_1_40' title='bbox 629 2162 844 2238; x_wconf 85' lang='lat' dir='ltr'><strong>Britannico</strong></span> <span class='ocrx_word' id='word_1_41' title='bbox 881 2165 1116 2258; x_wconf 75' lang='lat' dir='ltr'>asservatam)</span> <span class='ocrx_word' id='word_1_42' title='bbox 1150 2165 1270 2238; x_wconf 86' lang='lat' dir='ltr'><strong>multis</strong></span> <span class='ocrx_word' id='word_1_43' title='bbox 1309 2169 1444 2242; x_wconf 86' lang='lat' dir='ltr'><strong>mendis</strong></span> 
     </span>
     <span class='ocr_line' id='line_1_10' title="bbox 150 2275 1443 2393; baseline 0.001 -22"><span class='ocrx_word' id='word_1_44' title='bbox 150 2311 153 2314; x_wconf 82' lang='grc'><strong>’</strong></span> <span class='ocrx_word' id='word_1_45' title='bbox 245 2298 415 2372; x_wconf 79' lang='lat' dir='ltr'><strong>ioedatnnr</strong></span> <span class='ocrx_word' id='word_1_46' title='bbox 435 2322 502 2393; x_wconf 93' lang='lat' dir='ltr'><strong>pro</strong></span> <span class='ocrx_word' id='word_1_47' title='bbox 521 2319 622 2370; x_wconf 84' lang='lat' dir='ltr'><strong>more</strong></span> <span class='ocrx_word' id='word_1_48' title='bbox 640 2275 706 2368; x_wconf 74' lang='lat' dir='ltr'><strong>auo</strong></span> <span class='ocrx_word' id='word_1_49' title='bbox 724 2294 848 2367; x_wconf 83' lang='lat' dir='ltr'><strong>edidit.</strong></span> <span class='ocrx_word' id='word_1_50' title='bbox 902 2294 1068 2368; x_wconf 78' lang='lat' dir='ltr'>Paullum</span> <span class='ocrx_word' id='word_1_51' title='bbox 1092 2305 1214 2370; x_wconf 89' lang='lat' dir='ltr'><strong>tamen</strong></span> <span class='ocrx_word' id='word_1_52' title='bbox 1235 2297 1348 2370; x_wconf 82' lang='lat' dir='ltr'><strong>refert</strong></span> <span class='ocrx_word' id='word_1_53' title='bbox 1365 2323 1443 2372; x_wconf 85' lang='lat' dir='ltr'><strong>cum</strong></span> 
     </span>
     <span class='ocr_line' id='line_1_11' title="bbox 244 2420 1445 2522; baseline -0.003 -20"><span class='ocrx_word' id='word_1_54' title='bbox 244 2451 401 2502; x_wconf 85' lang='lat' dir='ltr'><strong>marmor</strong></span> <span class='ocrx_word' id='word_1_55' title='bbox 430 2428 523 2498; x_wconf 88' lang='lat' dir='ltr'><strong>adeo</strong></span> <span class='ocrx_word' id='word_1_56' title='bbox 552 2420 717 2495; x_wconf 88' lang='lat' dir='ltr'><strong>mutilum</strong></span> <span class='ocrx_word' id='word_1_57' title='bbox 749 2422 797 2492; x_wconf 88' lang='lat' dir='ltr'><strong>sit</strong></span> <span class='ocrx_word' id='word_1_58' title='bbox 830 2429 869 2491; x_wconf 87' lang='lat' dir='ltr'><strong>ut</strong></span> <span class='ocrx_word' id='word_1_59' title='bbox 900 2420 988 2491; x_wconf 90' lang='lat' dir='ltr'><strong>nihil</strong></span> <span class='ocrx_word' id='word_1_60' title='bbox 1011 2443 1058 2490; x_wconf 85' lang='lat' dir='ltr'><strong>ex</strong></span> <span class='ocrx_word' id='word_1_61' title='bbox 1085 2445 1129 2492; x_wconf 93' lang='lat' dir='ltr'><strong>eo</strong></span> <span class='ocrx_word' id='word_1_62' title='bbox 1158 2445 1287 2514; x_wconf 87' lang='lat' dir='ltr'><strong>eruere</strong></span> <span class='ocrx_word' id='word_1_63' title='bbox 1321 2427 1445 2522; x_wconf 87' lang='lat' dir='ltr'><strong>possis.</strong></span> 
     </span>
     <span class='ocr_line' id='line_1_12' title="bbox 245 2546 1449 2650; baseline -0.006 -19"><span class='ocrx_word' id='word_1_64' title='bbox 245 2557 306 2632; x_wconf 87' lang='lat' dir='ltr'><strong>De</strong></span> <span class='ocrx_word' id='word_1_65' title='bbox 339 2547 476 2628; x_wconf 87' lang='lat' dir='ltr'><strong>tributo</strong></span> <span class='ocrx_word' id='word_1_66' title='bbox 516 2551 639 2650; x_wconf 78' lang='grc' dir='ltr'>(φόρῳ)</span> <span class='ocrx_word' id='word_1_67' title='bbox 676 2561 716 2621; x_wconf 87' lang='lat' dir='ltr'><strong>et</strong></span> <span class='ocrx_word' id='word_1_68' title='bbox 751 2549 794 2621; x_wconf 84' lang='lat' dir='ltr'><strong>iia</strong></span> <span class='ocrx_word' id='word_1_69' title='bbox 830 2546 894 2646; x_wconf 94' lang='lat' dir='ltr'><strong>qui</strong></span> <span class='ocrx_word' id='word_1_70' title='bbox 939 2548 1113 2622; x_wconf 88' lang='lat' dir='ltr'><strong>tributum</strong></span> <span class='ocrx_word' id='word_1_71' title='bbox 1153 2575 1228 2624; x_wconf 93' lang='lat' dir='ltr'><strong>non</strong></span> <span class='ocrx_word' id='word_1_72' title='bbox 1268 2552 1449 2624; x_wconf 85' lang='lat' dir='ltr'><strong>solverant</strong></span> 
     </span>
     <span class='ocr_line' id='line_1_13' title="bbox 245 2657 1447 2780; baseline -0.002 -25"><span class='ocrx_word' id='word_1_73' title='bbox 245 2679 450 2780; x_wconf 75' lang='grc' dir='ltr'>(ὀφείλουσι)</span> <span class='ocrx_word' id='word_1_74' title='bbox 468 2657 602 2777; x_wconf 78' lang='lat' dir='ltr'><strong>agitur.</strong></span> <span class='ocrx_word' id='word_1_75' title='bbox 652 2675 748 2762; x_wconf 85' lang='lat' dir='ltr'><strong>Hos,</strong></span> <span class='ocrx_word' id='word_1_76' title='bbox 766 2685 807 2748; x_wconf 87' lang='lat' dir='ltr'><strong>ut</strong></span> <span class='ocrx_word' id='word_1_77' title='bbox 824 2676 976 2760; x_wconf 86' lang='lat' dir='ltr'><strong>videtur,</strong></span> <span class='ocrx_word' id='word_1_78' title='bbox 1001 2677 1149 2772; x_wconf 87' lang='lat' dir='ltr'><strong>publice</strong></span> <span class='ocrx_word' id='word_1_79' title='bbox 1166 2690 1252 2752; x_wconf 84' lang='lat' dir='ltr'><strong>anta</strong></span> <span class='ocrx_word' id='word_1_80' title='bbox 1272 2679 1447 2754; x_wconf 83' lang='lat' dir='ltr'><strong>Senatum</strong></span> 
     </span>
     <span class='ocr_line' id='line_1_14' title="bbox 244 2803 1447 2909; baseline -0.003 -21"><span class='ocrx_word' id='word_1_81' title='bbox 244 2814 469 2890; x_wconf 73' lang='lat' dir='ltr'><strong>accusandos</strong></span> <span class='ocrx_word' id='word_1_82' title='bbox 500 2834 580 2884; x_wconf 80' lang='lat' dir='ltr'><strong>esse</strong></span> <span class='ocrx_word' id='word_1_83' title='bbox 608 2806 790 2881; x_wconf 78' lang='lat' dir='ltr'><strong>statuitur.</strong></span> <span class='ocrx_word' id='word_1_84' title='bbox 847 2803 965 2882; x_wconf 78' lang='lat' dir='ltr'><strong>Aliter</strong></span> <span class='ocrx_word' id='word_1_85' title='bbox 991 2833 1034 2880; x_wconf 89' lang='lat' dir='ltr'><strong>ac</strong></span> <span class='ocrx_word' id='word_1_86' title='bbox 1063 2833 1134 2908; x_wconf 83' lang='lat' dir='ltr'><strong>ego</strong></span> <span class='ocrx_word' id='word_1_87' title='bbox 1161 2810 1198 2882; x_wconf 96' lang='lat' dir='ltr'><strong>in</strong></span> <span class='ocrx_word' id='word_1_88' title='bbox 1233 2811 1447 2909; x_wconf 86' lang='lat' dir='ltr'><strong>quibusdam</strong></span> 
     </span>
     <span class='ocr_line' id='line_1_15' title="bbox 247 2937 1448 3042; baseline -0.002 -22"><span class='ocrx_word' id='word_1_89' title='bbox 247 2948 419 3021; x_wconf 83' lang='lat' dir='ltr'><strong>Osannus</strong></span> <span class='ocrx_word' id='word_1_90' title='bbox 460 2943 659 3042; x_wconf 88' lang='lat' dir='ltr'><strong>legendum</strong></span> <span class='ocrx_word' id='word_1_91' title='bbox 701 2948 816 3035; x_wconf 82' lang='lat' dir='ltr'><strong>putat.</strong></span> <span class='ocrx_word' id='word_1_92' title='bbox 870 2937 914 3012; x_wconf 84' lang='lat' dir='ltr'><strong>L.</strong></span> <span class='ocrx_word' id='word_1_93' title='bbox 939 2949 973 3010; x_wconf 85' lang='grc'><strong>5.</strong></span> <span class='ocrx_word' id='word_1_94' title='bbox 1026 2940 1089 3012; x_wconf 89' lang='lat' dir='ltr'><strong>ubi</strong></span> <span class='ocrx_word' id='word_1_95' title='bbox 1129 2963 1199 3038; x_wconf 79' lang='lat' dir='ltr'><strong>ego</strong></span> <span class='ocrx_word' id='word_1_96' title='bbox 1241 2941 1324 3013; x_wconf 87' lang='lat' dir='ltr'><strong>dedi</strong></span> <span class='ocrx_word' id='word_1_97' title='bbox 1366 2950 1448 3018; x_wconf 84' lang='grc' dir='ltr'><strong>’ΠΣ</strong></span> 
     </span>
     <span class='ocr_line' id='line_1_16' title="bbox 244 3051 1444 3169; baseline -0.007 -19"><span class='ocrx_word' id='word_1_98' title='bbox 244 3080 356 3150; x_wconf 83' lang='grc' dir='ltr'><strong>τοΜ</strong></span> <span class='ocrx_word' id='word_1_99' title='bbox 392 3051 591 3144; x_wconf 69' lang='lat' dir='ltr'><strong>nouzon</strong></span> <span class='ocrx_word' id='word_1_100' title='bbox 623 3093 671 3142; x_wconf 75' lang='lat' dir='ltr'><strong>sc.</strong></span> <span class='ocrx_word' id='word_1_101' title='bbox 699 3100 749 3146; x_wconf 63' lang='lat' dir='ltr'><em>m</em></span> <span class='ocrx_word' id='word_1_102' title='bbox 776 3075 845 3143; x_wconf 65' lang='grc' dir='ltr'><strong>τῶν</strong></span> <span class='ocrx_word' id='word_1_103' title='bbox 873 3068 1004 3142; x_wconf 68' lang='grc' dir='ltr'>πολέων</span> <span class='ocrx_word' id='word_1_104' title='bbox 1032 3068 1090 3142; x_wconf 81' lang='lat' dir='ltr'><strong>ine</strong></span> <span class='ocrx_word' id='word_1_105' title='bbox 1117 3069 1206 3169; x_wconf 79' lang='lat' dir='ltr'><strong>legit</strong></span> <span class='ocrx_word' id='word_1_106' title='bbox 1233 3080 1306 3146; x_wconf 77' lang='lat' dir='ltr'><strong>nx</strong></span> <span class='ocrx_word' id='word_1_107' title='bbox 1335 3077 1444 3147; x_wconf 78' lang='lat' dir='ltr'><strong>ron</strong></span> 
     </span>
     <span class='ocr_line' id='line_1_17' title="bbox 248 3195 1447 3307; baseline -0.003 -33"><span class='ocrx_word' id='word_1_108' title='bbox 248 3198 504 3276; x_wconf 73' lang='lat' dir='ltr'><strong>noutnou.</strong></span> <span class='ocrx_word' id='word_1_109' title='bbox 570 3197 657 3307; x_wconf 79' lang='lat' dir='ltr'><strong>¹Suae</strong></span> <span class='ocrx_word' id='word_1_110' title='bbox 691 3197 858 3272; x_wconf 87' lang='lat' dir='ltr'><strong>lectionis</strong></span> <span class='ocrx_word' id='word_1_111' title='bbox 893 3197 1023 3272; x_wconf 87' lang='lat' dir='ltr'><strong>oblitus</strong></span> <span class='ocrx_word' id='word_1_112' title='bbox 1054 3210 1109 3274; x_wconf 83' lang='lat' dir='ltr'><strong>est</strong></span> <span class='ocrx_word' id='word_1_113' title='bbox 1145 3211 1184 3274; x_wconf 90' lang='lat' dir='ltr'><strong>ut</strong></span> <span class='ocrx_word' id='word_1_114' title='bbox 1223 3195 1365 3274; x_wconf 80' lang='lat' dir='ltr'><strong>videtur</strong></span> <span class='ocrx_word' id='word_1_115' title='bbox 1394 3199 1447 3272; x_wconf 86' lang='lat' dir='ltr'><strong>vir</strong></span> 
     </span>
     <span class='ocr_line' id='line_1_18' title="bbox 246 3328 1445 3408; baseline -0.003 -6"><span class='ocrx_word' id='word_1_116' title='bbox 246 3329 407 3402; x_wconf 88' lang='lat' dir='ltr'><strong>eruditus</strong></span> <span class='ocrx_word' id='word_1_117' title='bbox 433 3328 528 3402; x_wconf 86' lang='lat' dir='ltr'><strong>infra</strong></span> <span class='ocrx_word' id='word_1_118' title='bbox 549 3331 596 3402; x_wconf 84' lang='lat' dir='ltr'><strong>ad</strong></span> <span class='ocrx_word' id='word_1_119' title='bbox 623 3329 689 3404; x_wconf 84' lang='lat' dir='ltr'><strong>tin.</strong></span> <span class='ocrx_word' id='word_1_120' title='bbox 717 3343 776 3404; x_wconf 81' lang='lat'><strong>14.</strong></span> <span class='ocrx_word' id='word_1_121' title='bbox 802 3329 863 3402; x_wconf 91' lang='lat' dir='ltr'><strong>ubi</strong></span> <span class='ocrx_word' id='word_1_122' title='bbox 883 3355 972 3404; x_wconf 84' lang='lat' dir='ltr'><strong>voce</strong></span> <span class='ocrx_word' id='word_1_123' title='bbox 999 3337 1301 3408; x_wconf 85' lang='grc' dir='ltr'>ΕΣΑΛΟΝΤΟΝ</span> <span class='ocrx_word' id='word_1_124' title='bbox 1331 3329 1445 3402; x_wconf 85' lang='lat' dir='ltr'><strong>fretus</strong></span> 
     </span>
     <span class='ocr_line' id='line_1_19' title="bbox 247 3461 1444 3560; baseline -0.002 -24"><span class='ocrx_word' id='word_1_125' title='bbox 247 3463 392 3536; x_wconf 90' lang='lat' dir='ltr'><strong>nonnisi</strong></span> <span class='ocrx_word' id='word_1_126' title='bbox 418 3461 570 3535; x_wconf 85' lang='lat' dir='ltr'><strong>formam</strong></span> <span class='ocrx_word' id='word_1_127' title='bbox 596 3464 627 3542; x_wconf 74' lang='lat' dir='ltr'><strong>is</strong></span> <span class='ocrx_word' id='word_1_128' title='bbox 654 3464 692 3538; x_wconf 91' lang='lat' dir='ltr'><strong>in</strong></span> <span class='ocrx_word' id='word_1_129' title='bbox 719 3462 914 3560; x_wconf 88' lang='lat' dir='ltr'><strong>antiquiori</strong></span> <span class='ocrx_word' id='word_1_130' title='bbox 947 3461 1067 3536; x_wconf 81' lang='lat' dir='ltr'><strong>Attica</strong></span> <span class='ocrx_word' id='word_1_131' title='bbox 1095 3461 1250 3534; x_wconf 82' lang='lat' dir='ltr'><strong>dialecto</strong></span> <span class='ocrx_word' id='word_1_132' title='bbox 1279 3461 1444 3536; x_wconf 80' lang='lat' dir='ltr'><strong>usitatam</strong></span> 
     </span>
     <span class='ocr_line' id='line_1_20' title="bbox 247 3591 487 3668; baseline -0.017 0"><span class='ocrx_word' id='word_1_133' title='bbox 247 3617 328 3668; x_wconf 85' lang='lat' dir='ltr'><strong>esse</strong></span> <span class='ocrx_word' id='word_1_134' title='bbox 349 3591 487 3666; x_wconf 82' lang='lat' dir='ltr'><strong>statuit.</strong></span> 
     </span>
    </p>
   </div>
   <div class='ocr_carea' id='block_1_7' title="bbox 0 0 1602 5100">
    <p class='ocr_par' dir='ltr' id='par_1_7' title="bbox 0 0 1602 5100">
     <span class='ocr_line' id='line_1_21' title="bbox 0 0 1602 5100; baseline 0 0"><span class='ocrx_word' id='word_1_135' title='bbox 0 0 1602 5100; x_wconf 95' lang='lat' dir='ltr'><strong> </strong></span> 
     </span>
    </p>
   </div>
  </div>
 </body>
</html>
