3176 5094
551 389 893 442 nnocncounnr.
1202 449 1207 462 A
1301 361 1360 432 lvii

156 541 229 614 cuis
280 553 522 636 compararet,
559 553 597 614 et
643 542 837 614 varietates
889 541 926 610 in
977 538 1187 610 Academiae
1232 536 1356 624 Berol,

157 691 260 740 usum
294 680 472 742 enotaret.
535 670 592 744 Re
627 669 813 765 inopinata
836 667 1030 765 perculsus
1065 666 1235 738 Osannus
1254 663 1357 736 iecit

156 801 250 894 quod
282 798 471 870 Bdckhius
511 800 664 896 rogavit,
707 810 746 871 et
778 823 844 893 pro
878 821 922 869 ea
951 823 1061 894 opera
1101 794 1353 868 munusculum

156 929 313 1022 pecunia
344 928 563 1022 persolutum
597 929 747 1023 accepit
798 928 937 1000 Eodem
971 937 1146 1021 tempore,
1172 924 1355 998 nesciente

155 1053 300 1124 omnim
322 1051 500 1138 Btr'clrltio,
528 1054 717 1124 varietates
734 1053 1027 1149 apographorum
1046 1077 1068 1122 a
1089 1075 1145 1123 me
1165 1050 1353 1122 missorum

155 1177 191 1249 in
208 1203 316 1253 suum
336 1203 439 1250 usum
457 1179 628 1266 enotavit,
653 1190 686 1250 et
704 1177 804 1251 brevi
815 1187 899 1272 post
916 1178 1126 1250 Btr'elrhium
1142 1202 1213 1272 per
1229 1179 1353 1251 literae

154 1307 345 1378 certiorem
365 1306 461 1404 secit
495 1307 539 1378 ele
579 1306 727 1378 coneilio
762 1331 829 1378 suo
864 1305 1147 1397 inscriptionum
1183 1304 1353 1402 Sytogen

155 1438 294 1527 edendi,
322 1463 396 1536 quc
425 1439 466 1512 in
490 1465 532 1512 re
552 1464 626 1512 non
645 1462 754 1532 porse
781 1463 820 1510 ee
844 1461 972 1510 carere
1000 1436 1241 1508 varietatibus
1267 1463 1354 1532 apo-

153 1567 386 1661 graphorum
419 1593 595 1640 nieorum.
615 1568 716 1640 dixit.
768 1568 901 1656 Credo,
928 1591 1010 1639 cum
1045 1591 1111 1637 sua
1143 1569 1354 1662 apographa

156 1693 204 1766 ita
232 1697 382 1768 fecisset
413 1707 453 1767 ut
483 1696 541 1768 vix
578 1721 648 1768 una
685 1707 723 1767 et
755 1697 865 1767 altera
900 1694 1038 1766 mendis
1072 1692 1179 1765 ioedis
1216 1705 1349 1769 careat.

157 1823 352 1918 Biiclrhius‚
388 1849 595 1920 quanquam
631 1827 730 1921 quod
761 1825 829 1896 iste
864 1834 1004 1919 peteret
1040 1825 1136 1895 haud
1174 1825 1349 1918 placeret,

154 1967 275 2026 tamen
307 1979 353 2027 ne
380 1955 631 2042 intercederet,
658 1955 855 2028 honestatis
883 1954 1059 2026 rationem
1085 1953 1268 2047 postulare
1294 1979 1352 2026 ar·

154 2080 308 2154 bitratus
350 2094 415 2167 est,
454 2105 566 2180 quere
601 2084 751 2156 Osanno
795 2082 939 2177 scripsit
972 2105 1043 2174 per
1083 2104 1121 2152 se
1162 2081 1273 2153 licere
1312 2095 1353 2156 ut

153 2209 374 2307 apographis
415 2209 634 2283 Britannicis
669 2222 843 2285 uteretur.
907 2208 1016 2281 Hanc
1050 2219 1171 2280 autem
1208 2211 1352 2282 veniam

154 2341 206 2411 ita
237 2339 347 2426 dedit,
379 2362 452 2408 non
489 2348 529 2410 ut
551 2362 655 2410 usum
683 2349 836 2432 optaret,
860 2336 924 2410 sed
956 2347 996 2407 ut
1025 2336 1176 2408 Osanno
1207 2337 1242 2407 id
1264 2360 1351 2410 con·

153 2467 299 2548 cederet
342 2466 440 2561 quod
482 2489 521 2538 se
568 2466 719 2538 honeste
755 2465 933 2560 defugere
972 2487 1078 2559 posse
1112 2464 1349 2558 desperabat3

154 2605 267 2689 atque
283 2603 434 2665 eatenus
452 2605 590 2665 tantum
617 2594 715 2666 dedit
740 2605 780 2668 ut
801 2617 868 2688 per
895 2617 934 2666 se
962 2593 998 2666 id
1021 2595 1130 2667 licere
1155 2594 1329 2668 scriberet
1338 2625 1350 2684 3

155 2720 346 2815 oportebat
376 2728 510 2802 autem,
539 2729 578 2790 ut
606 2743 691 2800 vere
723 2719 908 2792 Biickhius
936 2719 974 2790 in
1002 2720 1115 2793 literis
1143 2719 1266 2808 MSS,
1294 2747 1352 2794 me

156 2853 324 2950 quoque¹
368 2851 568 2939 consulere,
608 2853 707 2946 quod
745 2853 935 2925 manifesto
970 2852 1112 2924 Osanni
1143 2863 1233 2937 eret,
1273 2877 1349 2927 nou

156 2983 321 3056 Biiclrhii.
393 2982 561 3054 Osannus
600 2995 721 3055 autem
762 2994 899 3056 tantum
939 2981 1055 3053 abfuit
1089 2991 1131 3050 ut
1162 3003 1219 3051 me
1263 3004 1350 3054 con-

155 3109 299 3194 suleret,
327 3119 369 3178 ut
402 3105 492 3178 nihil
521 3108 554 3178 ei
587 3109 702 3206 magis
739 3110 775 3179 in
806 3109 896 3180 rotis
924 3129 1002 3178 esse
1032 3106 1208 3191 videatur,
1241 3130 1349 3203 quam

154 3248 193 3308 ut
226 3233 416 3333 gloriolam
451 3235 558 3330 primi
577 3236 752 3308 -Editoris
792 3248 923 3332 captet,
963 3258 1138 3330 suamque
1175 3236 1350 3337 Syllogen

153 3377 288 3472 publici
297 3374 396 3472 juris
412 3377 648 3448 anteafaciat
667 3402 773 3474 quam
792 3401 863 3476 ego
890 3401 1018 3450 meam.
1071 3378 1238 3467 Quatuor
1260 3405 1349 3478 ergo

153 3505 346 3579 fasciculos
373 3504 724 3601 emisit(eapectare
751 3506 876 3578 nolens
894 3506 1009 3577 donec
1027 3528 1117 3599 opus
1142 3509 1348 3580 universum

153 3636 430 3732 imprimeretur)
447 3635 529 3726 illas,
545 3637 640 3732 ipsas
665 3637 823 3710 ineditae
846 3636 1098 3731 inscriptiones
1116 3637 1348 3710 continentes

153 3789 241 3861 quas
269 3785 339 3857 ego
364 3787 446 3834 cum
465 3764 629 3838 Bdckhio
652 3767 925 3854 communicavi,
952 3765 1056 3839 etita
1073 3768 1160 3838 meis
1179 3767 1348 3842 chartulis

152 3905 236 3968 ante
279 3916 337 3964 me
386 3916 472 3966 usus
517 3904 582 3966 est.
651 3894 741 3985 Quis
779 3898 916 3992 primus
961 3907 1121 3970 veterum
1164 3898 1348 3994 relliquias

190 4139 267 4195 ¹De
287 4137 355 4194 meis
378 4147 489 4196 tautum
503 4139 670 4212 apographis
689 4140 726 4197 lo·
777 4153 933 4216 acceperat,
967 4153 1016 4198 aut
1043 4143 1160 4201 Osanno
1185 4153 1234 4204 aut
1258 4149 1346 4206 cuivis

154 4249 237 4305 quon
259 4231 414 4290 cumcuim
430 4233 555 4290 Eremia
568 4234 725 4291 mercedem
776 4235 823 4293 alii
833 4235 899 4293 dare
909 4237 1006 4312 potuit.
1036 4237 1097 4314 Ego
1111 4247 1205 4297 autem
1219 4241 1347 4301 Bdclrhio

153 4327 239 4398 operis
251 4325 386 4386 solvisset
399 4327 558 4385 Academia
571 4328 663 4386 Berol.
674 4348 724 4386 suo
775 4349 848 4399 meo,
869 4348 935 4387 mea
953 4331 982 4387 in
1005 4347 1087 4390 suum
1115 4343 1224 4392 tautum
1252 4355 1346 4405 usum,

148 4417 210 4491 jure
234 4430 312 4478 certe
336 4420 510 4498 apographa,
532 4438 593 4496 quae
619 4419 724 4478 abillo
774 4422 846 4479 dono
866 4422 1008 4480 dederam.

876 4519 903 4588 Ιι
