3204 5104
224 383 324 456 lxviii
645 409 993 460 rnouaoouruuu.

231 563 444 662 scriptiones
463 565 629 638 metricas
645 565 807 640 Herodis
822 566 932 640 Attici
951 565 990 637 in
1014 562 1148 637 Museo
1174 565 1427 662 Borghesiano

232 703 395 767 extantes
430 695 576 767 edidere
609 695 801 802 Salmasius
836 694 967 788 (Paris.
996 691 1133 784 1619),
1169 690 1357 765 Manillius
1388 694 1427 764 in

232 825 413 921 Descript.
457 825 539 897 Vill.
581 825 761 922 Burghes.
799 825 923 918 (Rom.
958 820 1097 911 1650.)‚
1142 819 1350 893 Viscontius
1390 822 1426 891 in

230 951 324 1024 libro
358 952 580 1025 “iscrizioni
611 953 760 1027 Grecbc
794 952 995 1048 Triopee”
1030 927 1157 1046 (Rom.
1187 952 1324 1042 1794.).
1370 951 1428 1023 Ex

231 1075 288 1147 bis
323 1078 475 1173 primam
506 1078 697 1151 ediderant
722 1101 869 1174 quoquc
901 1077 1089 1152 Morellius
1124 1077 1254 1172 (Paris.
1289 1075 1427 1170 1607.)‚

169 1253 173 1262 ·
232 1203 471 1277 casaubonus
507 1207 584 1302 (De
616 1207 731 1305 Satyr.
770 1207 877 1280 Poes.
917 1208 1033 1281 Paris.
1066 1206 1188 1302 1609.)
1261 1209 1428 1306 Utraque

233 1357 381 1430 quoque
405 1337 505 1430 apud
534 1335 710 1431 Sponium
738 1336 774 1408 in
805 1337 1052 1410 Miscellaneis
1075 1349 1112 1412 et
1135 1339 1358 1411 Brunckium
1387 1340 1426 1410 in

233 1462 418 1535 Analectis
441 1472 549 1536 extat.
600 1458 739 1535 Nescio
765 1487 837 1560 quo
858 1477 966 1559 pacto
991 1466 1210 1553 factumest,
1237 1477 1278 1538 ut
1304 1465 1428 1539 Sicilia

233 1592 342 1663 tantis
372 1601 556 1663 tantorum
585 1590 742 1663 virorum
776 1591 960 1666 laboribus
991 1595 1239 1670 illustraretur.
1278 1598 1427 1692 ,Goltzii

233 1722 280 1792 de
303 1721 457 1792 nummis
479 1720 609 1795 Siculis
634 1745 725 1816 opus
748 1732 864 1796 taceo.
916 1724 1174 1800 Gualtherius¹
1198 1728 1338 1822 primus
1370 1729 1427 1800 Si-

234 1853 352 1925 ciliam
370 1853 546 1939 lustravit,
575 1853 685 1926 multa
702 1856 964 1953 epigrammata
986 1839 1176 1952 exscripsit
1202 1869 1239 1931 et
1258 1858 1295 1930 in
1318 1884 1427 1954 opere

234 1986 293 2059 cui
324 1983 462 2070 titulus,
498 1984 668 2058 “Siciliae
698 1995 736 2057 et
761 1985 1003 2085 objacentium
1035 1984 1239 2058 lnsularum
1267 1987 1428 2084 antiquae

234 2115 403 2199 tabulae‚”
424 2115 607 2188 Messanae
630 2140 705 2186 s.s.
728 2111 834 2185 1624.
850 2114 973 2184 edidit.
1016 2113 1148 2210 Longo
1166 2125 1248 2209 post
1265 2124 1428 2209 tempore

158 2303 160 2308 ,
237 2244 433 2320 D'Orrillii
450 2233 597 2327 librum,¹
611 2243 770 2316 “Sicula
793 2243 926 2337 quibus
943 2242 1074 2314 Siciliae
1090 2245 1220 2317 veteris
1238 2248 1369 2319 rudera
1383 2249 1428 2320 il-

233 2379 466 2457 lustrantur‚''
494 2373 761 2447 Amstelodaemi
791 2395 827 2444 1.
840 2398 867 2444 s.
892 2370 1000 2459 1764.
1031 2374 1144 2446 edidit
1173 2372 1303 2448 Petrus
1334 2376 1429 2448 Bur·

236 2526 392 2578 mannus
426 2503 491 2604 qui
518 2501 647 2573 multas
680 2511 784 2574 notas
820 2500 1135 2599 Palaeographicss
1173 2505 1218 2576 de
1257 2481 1429 2579 Nummis

238 2635 450 2736 quibusdam
476 2633 633 2728 antiquis
659 2641 696 2702 et
719 2629 1014 2725 inscriptionibus
1037 2657 1173 2730 epenu
1197 2659 1262 2706 sua
1283 2637 1430 2710 addidit.

237 2770 374 2843 Postea
399 2761 658 2836 illustrissimus
682 2761 742 2833 ille
759 2771 870 2856 atque
887 2761 1112 2835 doctissimus
1138 2762 1313 2859 Princeps
1330 2765 1429 2837 'Por-

237 2897 403 2973 remutiae
421 2894 672 2988 inscriptiones
695 2887 953 2962 Palermitanas
973 2892 1168 2998 uernacula
1191 2893 1317 2991 lingua
1334 2892 1430 2965 Pan·

240 3027 331 3101 ormi
351 3023 457 3113 1762,
483 3033 520 3095 et
543 3019 676 3094 deinde
700 3018 869 3092 “Sicilire
891 3019 1070 3093 universa
1098 3031 1135 3091 et
1156 3020 1352 3093 insularum
1373 3022 1430 3094 in·

240 3156 456 3250 scriptiones
467 3161 488 3186 ”
524 3153 650 3223 eodem
681 3151 774 3236 loco,
811 3173 908 3222 anno
936 3157 1054 3221 autem
1086 3147 1192 3239 1769,
1231 3154 1311 3247 (qui
1338 3152 1432 3226 liber

241 3283 382 3358 auctior
397 3305 494 3353 annu
517 3291 611 3367 1784
631 3281 758 3352 iterum
776 3280 923 3376 prodiit)
939 3278 1131 3376 evulgavit.
1184 3281 1226 3351 111
1242 3282 1432 3375 posteriori

241 3413 334 3486 libro
357 3410 480 3480 insunt
507 3406 627 3478 multae
649 3407 899 3502 inscriptiones
922 3407 1065 3480 Graecae
1082 3408 1128 3478 ad
1146 3406 1432 3483 Siculo-Doricae

243 3539 419 3613 dialectus
443 3532 689 3631 cognitionem
706 3534 810 3606 valde
836 3534 953 3620 utiles,
981 3544 1018 3606 et
1043 3534 1073 3606 si
1095 3558 1203 3607 unam
1221 3560 1301 3609 cum
1320 3537 1433 3611 altera

243 3669 411 3764 excipias,
440 3666 535 3736 baud
562 3662 652 3734 male
677 3664 795 3737 editae.

319 3813 430 3883 Anno
462 3806 571 3895 1698,
605 3807 768 3905 'ijecti
798 3810 842 3880 ad
876 3809 1059 3891 Rhenum,
1094 3811 1210 3884 editus
1243 3823 1298 3885 est
1327 3813 1433 3902 liber,

247 3940 543 4036 “inscriptiones
577 3938 718 4011 Graecae
742 3938 1036 4036 Palmyrenorum
1076 3965 1158 4013 curn
1186 3941 1330 4016 scholiis
1361 3943 1431 4016 Ed.

247 4065 425 4138 Bernsrdi
456 4073 494 4136 et
527 4059 684 4138 'Pbomae
715 4063 881 4136 Smithi.'’
932 4066 1002 4138 Hae
1036 4067 1286 4163 inscriptiones
1308 4095 1435 4145 omnes

289 4319 298 4349 ¹
321 4323 365 4380 De
379 4323 544 4385 Gualtherio
558 4326 594 4384 cl.
610 4328 745 4385 Burman.
762 4326 845 4386 Prael.
857 4329 891 4384 ad
903 4331 987 4390 Tom.
1005 4349 1051 4391 vr.
1083 4333 1220 4392 Thesaur.
1236 4333 1291 4392 Sic.
1303 4355 1332 4410 p.
1350 4345 1375 4396 1.
1390 4335 1435 4394 vel

653 4418 793 4478 D'Orvill.
810 4421 894 4483 Sicul.
909 4445 936 4500 p.
951 4431 1020 4485 21³.
