3204 5104
176 439 301 506 lusca.
323 437 368 516 1.]
674 441 681 458 ⁸
748 439 787 501 ll

172 612 339 684 lacunam
367 606 464 680 inter
492 605 614 712 literas
641 605 822 680 AEolicam
851 629 930 680 esse
953 607 1117 702 putabat,
1144 623 1224 676 cunr
1244 600 1370 676 AEoles

171 738 352 813 vocalium
398 746 462 809 aut
503 737 796 835 conjunctionem
840 745 903 807 aut
942 735 1163 806 collisionem
1199 732 1368 805 vitarent.

171 867 327 944 Hiatum
341 865 700 961 aliquandovacuum
715 864 878 938 relictum
893 885 973 936 esse
987 873 1111 936 monet
1126 861 1338 934 Eustatlrins
1348 861 1368 930 ¹.

172 997 266 1068 Ante
315 1001 379 1070 ΕΟ
419 993 542 1068 literas
579 1001 634 1067 ΕΡ
672 993 807 1065 deletas
844 1015 924 1065 esse
962 993 999 1064 in
1044 992 1159 1086 prima
1206 993 1365 1064 editione

171 1117 392 1194 cnishultim
421 1119 560 1215 putavit
586 1129 625 1190 ut
653 1119 834 1190 sententia
862 1130 966 1190 esset.
1020 1117 1214 1216 “Siquid
1239 1119 1367 1214 patior

170 1251 252 1346 ipio
289 1249 315 1321 i.
329 1273 361 1320 e.
392 1250 468 1345 ἐρῶ,
495 1249 592 1340 λέξω,
617 1257 681 1320 aut
713 1249 921 1340 ἀπαγγελῶ,
946 1247 1078 1341 ‚jubeto
1114 1247 1242 1342 Sigeos
1276 1249 1367 1322 milri

170 1377 347 1452 medelam
363 1379 543 1477 nclserre.”
596 1378 729 1451 Postea
746 1391 865 1450 autem
885 1402 966 1451 cum
990 1377 1216 1452 aBernardo
1236 1381 1365 1456 Mould

172 1518 271 1586 ΔΕΟ
306 1533 427 1582 veram
462 1533 543 1584 esse
582 1509 776 1583 lectionem
826 1509 1070 1597 intellexisset,
1115 1513 1363 1606 reponendum

170 1637 307 1728 pulavit
327 1633 517 1722 prisciniaca
535 1633 569 1709 de
599 1637 639 1731 (l.
655 1660 687 1708 e.
705 1632 769 1726 ici)
796 1633 821 1708 ui
847 1643 998 1728 Σιγειεῖς.
1053 1637 1242 1716 Bentleius
1266 1639 1361 1710 haud

168 1766 319 1864 simplex
342 1767 404 1840 sed
433 1767 567 1864 duplex
593 1776 767 1862 punctum
799 1778 882 1861 post
910 1799 932 1838 α
966 1791 1046 1839 esse
1073 1767 1209 1841 debere
1246 1778 1361 1862 putat,

170 1905 212 1976 ut
233 1896 317 1978 finis
342 1897 511 1974 dictionis
536 1897 774 1995 significetur,
802 1909 839 1968 et
865 1899 915 1968 ita
941 1897 1040 1994 legit,

513 2053 806 2130 Mnt*“''t'
859 2063 886 2130 Σ
948 2063 956 2089 ’

554 2091 832 2130 secaveram
887 2089 1020 2150 ιγειεσι.

243 2223 383 2312 Meldis]
418 2224 584 2317 (AEoliee
618 2221 773 2316 Μελέδα)
809 2227 876 2296 hoc
915 2246 1024 2295 sensu
1059 2224 1112 2294 vir
1149 2222 1215 2296 cel.
1261 2224 1360 2318 apud

170 2355 435 2454 Hippocratem
453 2355 528 2454 legi
549 2355 636 2427 dicit
658 2367 695 2426 et
718 2356 755 2429 n·
776 2349 872 2427 ἑνδέω
897 2355 991 2424 bene
1016 2366 1139 2425 notum
1159 2377 1237 2428 esse
1255 2343 1360 2425 Grae-

168 2485 318 2558 cismum
336 2485 452 2557 docet.
504 2483 603 2556 Tum
621 2483 741 2556 locum
762 2485 830 2556 hoc
849 2482 955 2558 modo
972 2483 1249 2582 interpretatum
1283 2482 1363 2557 “Si

168 2613 395 2710 pandentem
422 2609 670 2707 (detrimenti)
691 2635 829 2706 pascus
841 2609 971 2714 fuerit
990 2613 1149 2711 (sineno),
1174 2635 1265 2685 curo
1290 2613 1362 2686 erit

168 2743 231 2817 ubi
247 2767 338 2840 opus
354 2743 470 2816 liabeo
490 2741 724 2838 Sigcensibus
736 2752 757 2776 '⁹
786 2743 842 2820 vel
861 2744 891 2817 si
907 2749 1050 2837 Σιγειεῖς
1069 2744 1183 2841 magis
1202 2745 1358 2832 irrideat,

170 2873 401 2952 “remedium
426 2883 536 2948 munt
563 2872 792 2970 Sigeenseo.”

242 3005 383 3082 Eodem
430 3006 536 3076 modo
582 3003 746 3076 lacunam
795 3007 1008 3101 explendam
1061 3028 1139 3076 esse
1182 3007 1361 3080 existimat

167 3133 426 3218 Maittairius²‚
453 3131 562 3228 paulo
576 3131 680 3203 aliter
695 3143 816 3203 autem
836 3133 1112 3228 interpretatum
1142 3130 1223 3204 “Si
1236 3145 1359 3208 autem

166 3263 255 3362 quid
265 3263 404 3359 patiar,
430 3286 522 3334 cura
540 3261 610 3332 erit
627 3270 669 3332 ut
684 3259 929 3356 obstringam'
948 3243 1149 3357 Sigeenses,
1174 3263 1198 3335 i.
1212 3289 1244 3336 e.
1270 3289 1358 3337 curo

167 3395 356 3491 Sigeenses
387 3391 660 3487 obstringendos
694 3399 748 3477 nt,
782 3391 956 3488 quicquid
988 3391 1192 3465 detrimenti
1219 3396 1357 3486 patior,

166 3527 367 3600 sarciant.''
410 3525 502 3616 Quae
544 3523 733 3618 explicatio
767 3523 901 3594 veritus
946 3545 993 3593 ne
1036 3522 1095 3593 cui
1141 3522 1357 3618 displiceret,

164 3654 313 3727 alterum
333 3651 554 3751 excogitavit
570 3644 687 3723 bonus
712 3652 771 3723 ille
789 3651 1021 3723 Maittairius.
1074 3649 1276 3726 Μελεδαίνεν
1294 3661 1358 3728 ini

164 3783 188 3858 i.
199 3812 233 3860 e.
268 3787 479 3882 (praeposito
507 3781 700 3882 digamma)
724 3785 765 3856 ἐῶ
791 3784 838 3856 ab
865 3782 941 3869 ἑάω,
963 3783 1132 3877 permitto
1158 3784 1213 3858 vel
1230 3785 1354 3880 jubeo.

167 3909 368 3988 Barkcrus⁴
400 3911 489 3983 nihil
528 3909 683 3982 delicere
717 3917 839 4004 putat3
882 3908 973 4006 legit
1006 3911 1119 4008 igitur
1152 3911 1194 3984 ἐῶ
1228 3918 1353 3988 eodem

204 4173 214 4204 ¹
236 4169 368 4230 Emnrh.
394 4167 430 4246 ed
458 4167 537 4226 iliad.
566 4171 604 4224 A.
633 4187 659 4242 p.
687 4174 736 4230 22.
826 4169 920 4227 3Ηοο
949 4191 1029 4228 sensu
1057 4174 1172 4229 verbum
1199 4175 1279 4236 ἐνδέω
1306 4197 1354 4236 oc.

167 4261 735 4338 ormense·sternentwontrpdowoa
787 4281 894 4320 currere
919 4265 991 4338 apud
1017 4264 1198 4324 Plutarchum
1221 4287 1248 4341 p.
1261 4271 1308 4330 26.
1321 4273 1352 4330 F.

166 4360 319 4436 ἀρκοῦνται
332 4355 403 4435 μόνῃ
418 4353 574 4414 διαστάσει.
788 4356 856 4430 (Ed.
872 4357 972 4435 1624.)
985 4361 1080 4414 monet
1093 4360 1273 4420 Maittairius.

202 4448 214 4480 ¹
234 4447 609 4508 llaittair.lrliccell.Carm.
622 4467 649 4521 p.
664 4453 730 4506 181.
827 4444 838 4474 ⁴
859 4448 905 4506 Cf.
922 4449 1054 4506 Bibliotlr.
1070 4449 1124 4512 Lit.
1139 4443 1194 4510 No.
1209 4453 1247 4509 X.
1264 4475 1291 4530 p.
1304 4464 1351 4517 tt,
