3218 5116
816 363 884 439 174
983 328 989 338 .
1153 451 1164 468 ο
1212 361 1363 444 [Crass.
1388 362 1455 430 lll.

256 533 403 610 evenire
425 555 574 607 necesse
595 533 651 620 sit,
676 557 784 630 quarn
808 535 904 629 quod
927 533 1110 608 Vitruvius
1127 535 1276 632 cogitat.
1328 539 1452 634 Atque

255 663 332 737 aliis
364 674 403 738 et
431 661 579 770 diuersis
612 664 707 736 haud
738 663 848 738 dubie
879 662 965 736 moti
998 673 1083 736 suut
1113 667 1355 762 argumentis,
1382 669 1447 765 qui

175 879 181 892 .
258 794 403 866 fasciam
425 815 607 891 quamque
629 793 852 888 superiorem
870 793 1033 867 altiorem
1053 794 1132 870 lieri
1142 795 1346 893 jusserunt,
1368 822 1452 894 quse

255 928 315 1004 bic
348 926 515 1024 persequi
549 927 699 1025 longum
736 935 802 1000 est.
855 925 1070 1030 Epistyliuru
1086 926 1189 1000 adis
1224 929 1272 1000 ad
1309 928 1448 1004 llissuur

256 1057 408 1153 simplex
432 1067 471 1130 et
493 1056 638 1154 planum
658 1065 724 1142 est,
750 1056 964 1150 tripartitum
992 1066 1112 1128 tamen
1138 1056 1360 1150 conspicitur
1370 1060 1450 1156 jam

255 1185 293 1258 in
334 1183 576 1258 monumentis
616 1180 797 1266 Persicis;
825 1182 890 1255 sed
924 1181 1034 1254 etiarn
1072 1181 1229 1260 bifidum,
1259 1194 1297 1254 et
1328 1183 1449 1260 Greci

256 1327 293 1390 et
319 1314 477 1389 Romani
504 1311 708 1408 promiscue
732 1311 990 1384 adhibebant.”
1426 1405 1432 1412 ἃ

332 1445 544 1541 “Epistylio
570 1443 841 1538 superadditum
860 1456 914 1515 est
939 1441 1141 1542 cymatium
1167 1439 1340 1514 Lesbr'um
1367 1465 1448 1516 cum

255 1585 436 1683 astmgalo
470 1594 508 1654 et
542 1585 693 1676 quadra.
773 1581 864 1654 Haec
897 1582 935 1654 in
975 1594 1078 1678 parte
1112 1582 1312 1655 exteriore:
1352 1583 1449 1654 intus

257 1711 410 1807 simplex
440 1709 633 1806 cymatium
663 1711 844 1809 sdjectum
879 1723 944 1785 est.
998 1712 1107 1785 Attici
1137 1713 1335 1786 membrum
1364 1713 1449 1786 illud

256 1839 494 1935 compositum
517 1839 702 1932 ’γογγύλον
718 1845 824 1926 λίθον,
851 1844 920 1914 hoc
938 1841 1089 1937 simplex
1111 1843 1268 1924 κυμάτων
1293 1841 1450 1937 appelln-

257 1979 397 2056 verunt‚
442 1991 560 2064 esque
591 1971 742 2042 seorsim
773 1972 821 2044 ab
852 1968 1016 2067 epistylio
1052 1970 1170 2064 lapids
1212 1971 1447 2043 exciderunt:

258 2101 357 2197 quod
379 2108 454 2170 tum
480 2099 663 2196 inscriptio
687 2099 818 2196 probat
832 2101 856 2186 ¹,
883 2109 957 2171 tum
984 2098 1198 2194 perspicitur
1220 2121 1242 2169 e
1263 2097 1449 2170 ruderibus

256 2227 382 2324 templi
412 2228 499 2324 ipsis
510 2226 532 2299 ⁸.
586 2229 661 2302 Sed
695 2229 743 2300 ita
777 2237 984 2321 comparata
1013 2238 1128 2313 erant,
1157 2235 1197 2297 ut
1223 2229 1270 2297 ad
1300 2226 1450 2298 mediam

256 2357 508 2454 pertingerent
543 2353 701 2454 epistylii
736 2354 1023 2440 crassitudinem,
1066 2351 1192 2448 ibique
1226 2377 1265 2426 se
1300 2353 1451 2428 invicem

258 2495 454 2583 tangerent
466 2482 524 2552 ⁸.”.

335 2607 584 2700 “Zopltorum
616 2605 813 2692 Vitruvius,
854 2609 884 2678 si
928 2609 1045 2706 sigilla
1087 2632 1107 2680 s
1139 2609 1348 2706 anaglypha
1385 2609 1452 2706 ipsi

258 2735 379 2809 addita
412 2733 561 2820 fuerint,
597 2734 762 2807 altiorem
807 2735 884 2808 lieri
916 2737 1026 2833 jubet
1071 2761 1177 2834 quam
1221 2739 1449 2835 epistylium:

258 2863 313 2937 sin
332 2862 513 2960 scalptum
529 2873 661 2948 careat,
690 2862 875 2935 minorem.
928 2861 1000 2934 Sed
1017 2863 1124 2936 etiam
1145 2864 1213 2936 hoc
1230 2835 1465 2960 pracceptum

258 2995 368 3069 Attici
403 2994 590 3068 architecti
624 2994 722 3068 haud
763 3016 984 3093 magnopere
1020 2995 1210 3090 cumbunt
1259 2994 1326 3068 Est
1355 2995 1453 3066 enim

257 3126 464 3223 epistylium
486 3124 694 3198 Erechthei·
710 3127 871 3221 zophoro
895 3125 1079 3222 aliquanto
1109 3129 1257 3226 major⁴.
1307 3126 1454 3200 Nihilo·

258 3257 375 3330 secius
392 3255 619 3354 intelligitur,
646 3279 729 3328 eum
747 3255 882 3352 sigillis
899 3266 1067 3350 ornatum
1086 3255 1210 3343 fuisse,
1241 3279 1451 3352 quanquam

260 3409 362 3460 nunc
391 3410 504 3481 purus
532 3388 683 3462 videtur.
737 3389 836 3461 Sane
863 3411 945 3458 eum
968 3386 1047 3483 ipsa
1071 3386 1261 3496 inscriptio
1274 3389 1454 3480 'Elemen-

258 3522 337 3594 esdr
352 3525 447 3593 λίθον
472 3521 569 3616 πρός
594 3519 619 3616 ᾧ
643 3507 692 3592 'va‘
711 3521 791 3616 ζῷα
817 3531 1013 3615 nuncupat.
1068 3519 1183 3592 Emnt
1199 3531 1320 3595 eutero
1344 3543 1450 3607 ares

259 3649 500 3725 subscudibus
525 3649 656 3724 ferreis
685 3647 801 3734 affixe,
830 3672 979 3745 quarum
1015 3662 1053 3724 et
1087 3673 1185 3722 nuuc
1214 3649 1368 3749 vestigia
1397 3673 1454 3724 ree

302 3919 474 3978 ¹V.lnscr.
503 3924 638 3980 .2.et3.
1039 3951 1152 3968 -—-·

301 4015 373 4074 'V.
399 3923 516 4074 Deltolri
542 4015 619 4072 Mus.
640 4013 662 4070 l.
684 4029 712 4067 n.
740 4016 785 4076 19.
807 4011 832 4066 le
1032 3961 1050 4044 l·
1165 3949 1322 4044 —7
1430 4033 1434 4040 .

263 4110 520 4188 uqmtma
831 4143 832 4146 κ
1100 4107 1118 4144 ⁰
1218 4089 1233 4143 ⁶

302 4207 408 4266 ³Haec
441 4209 525 4282 igitur
556 4205 648 4264 forma
683 4221 831 4262 ornamen-
981 4217 986 4230 ’

263 4313 354 4360 torum
368 4299 489 4378 epistylii
500 4301 601 4358 evadit.
636 4319 661 4356 u.
676 4301 832 4376 cymatium
923 4305 933 4334 ⁴
956 4301 1098 4375 Zophoms
1125 4299 1241 4378 prostyli
1270 4303 1296 4360 1*
1327 4303 1377 4360 11¹¹
1402 4305 1454 4366 75.

263 4395 385 4456 interius.
427 4395 452 4454 b.
468 4393 667 4453 exteriuscum
681 4395 831 4472 astragalo.
882 4396 964 4469 epist.
976 4394 1111 4455 2⁸1*05.
