3222 5104
260 383 335 472 376
625 478 632 491 ⁸
720 411 964 460 ιιιιιιειιιιι.

260 571 310 656 τῷ
336 570 444 662 τοίχῳ
465 569 674 661 ’γράμμασι
702 567 911 654 Ἀττικοῖς,
938 565 1044 662 ἔργα
1068 573 1178 639 alvos
1211 571 1401 666 Προξιτέ·

262 673 356 736 >tous
372 669 513 735 inAttic.
529 694 562 755 p.
579 673 612 736 6.
628 675 651 734 l.
669 681 703 745 9.
719 695 737 735 a
751 673 826 736 fine.
869 672 967 758 Atqui
987 672 1160 740 Praxiteles
1178 673 1314 762 Olymp.
1334 699 1402 742 crr.

261 767 485 854 quinquaginta
506 771 570 832 fere
589 782 661 852 post
674 769 816 833 Euclidis
835 769 1054 853 Magistratum
1074 793 1172 836 anuos
1194 773 1310 839 floruit.
1353 835 1354 840 ,

338 863 487 950 Denique
514 865 545 929 in
564 865 691 932 vetustis
711 865 885 931 Atticorum
903 867 1157 953 inscriptionibus
1172 871 1318 936 omnibus
1344 876 1402 937 ob·
1424 867 1429 874 ’

262 987 382 1028 servare
409 962 492 1043 licet,
519 964 620 1028 literas
648 963 838 1028 diversorum
868 989 1013 1031 versuum
1042 967 1084 1030 ita
1120 989 1190 1030 esse
1224 967 1401 1053 dispositas,

262 1077 295 1126 ut
322 1060 348 1126 si
380 1064 421 1125 ab
451 1061 515 1126 imo
549 1065 587 1126 ad
620 1085 777 1127 summum
807 1075 945 1150 spectes,
972 1063 1066 1128 instar
1095 1066 1313 1131 columnarum
1344 1091 1404 1133 una

260 1163 354 1243 supra'
378 1158 503 1222 alteram
522 1159 631 1245 posite
658 1175 842 1246 appareant.
896 1160 1006 1246 Itaque
1030 1185 1104 1227 cum
1121 1186 1153 1226 v.
1170 1163 1205 1226 6.
1234 1177 1356 1249 septem
1373 1184 1404 1230 et

260 1255 365 1340 viginti
385 1254 480 1322 litere
497 1271 623 1322 servatae
649 1258 720 1339 sint,
747 1280 876 1344 quarum
896 1257 1003 1323 ultima
1020 1273 1066 1324 est
1090 1266 1126 1333 L,
1155 1281 1265 1324 omues
1293 1262 1400 1338 litera,

259 1377 328 1440 quoe
353 1354 385 1418 in
408 1354 608 1440 sequentibus
625 1355 713 1420 lineis
729 1355 807 1421 infra
824 1357 885 1420 hoc
908 1362 932 1420 l.
951 1356 1059 1441 posite
1078 1369 1160 1436 sunt,
1183 1361 1318 1424 eundem
1334 1359 1402 1424 lite-

258 1459 358 1516 raium
376 1475 551 1532 numerum,
576 1477 670 1540 quem
686 1460 710 1518 L
728 1453 806 1518 sexti
820 1476 936 1533 versus,
953 1468 1023 1519 ante
1035 1479 1068 1519 se
1085 1455 1233 1534 habeant,
1247 1473 1280 1520 et
1295 1460 1400 1522 locum

260 1549 442 1614 vicesimum
464 1550 632 1636 septimum
653 1565 810 1636 occupent
830 1575 960 1617 necesse
977 1566 1037 1617 est.
1092 1553 1170 1618 Non
1187 1555 1350 1618 temerarie
1372 1555 1401 1619 id

258 1648 377 1711 factum
395 1671 463 1712 esse
488 1673 506 1712 a
529 1648 681 1720 Visconto
700 1652 896 1715 observatum
922 1649 1061 1730 memini,
1087 1652 1141 1714 sed
1159 1662 1194 1713 ut
1215 1649 1400 1718 inviolabilis

255 1757 424 1808 servaretur
440 1759 711 1810 monumentorum
725 1747 815 1827 fides,
840 1747 958 1835 quippe
977 1770 1049 1813 cum
1067 1746 1263 1832 inscriptioni
1279 1751 1338 1814 hac
1355 1775 1399 1816 ra·

258 1840 342 1906 tione
354 1839 513 1926 dispositae
529 1841 615 1906 nulla
631 1843 719 1908 litera
734 1867 836 1932 neque
855 1845 927 1910 addi
940 1868 1041 1931 neque
1054 1844 1148 1909 eximi
1163 1861 1281 1930 posset.
1325 1848 1400 1912 Non

258 1941 326 2002 lere
347 1952 450 2003 autem
473 1939 544 2005 lrinc
562 1940 787 2007 adminiculum
805 1943 912 2017 oritur,
936 1942 962 2006 si
987 1942 1056 2029 quis
1077 1946 1206 2009 lacunas
1232 1943 1264 2007 in
1292 1946 1399 2010 mediis

259 2035 397 2102 versibus
426 2037 574 2124 supplere
600 2041 784 2124 aggreditur.
837 2040 924 2105 Nam
944 2063 1038 2105 voces
1062 2064 1156 2126 supra
1182 2039 1292 2127 posite
1319 2057 1401 2108 certo

258 2132 373 2200 indicio
397 2137 524 2218 docent,
551 2151 629 2223 quot
645 2137 748 2203 literas
776 2138 807 2204 in
825 2137 942 2204 lacunae
961 2137 1033 2204 loco
1057 2141 1192 2205 tractum
1218 2139 1331 2224 lapidis
1346 2143 1400 2206 ab·

258 2251 412 2299 sunrsent.
1295 2296 1300 2303 .

275 2388 278 2394 .
333 2331 455 2397 Omnes
473 2354 616 2398 versuum
635 2334 713 2402 fines
729 2332 886 2420 cumipse
899 2333 999 2418 cippo
1016 2333 1205 2415 interierunt,
1223 2347 1291 2400 tum
1304 2339 1401 2423 major

258 2451 330 2512 pars
348 2428 460 2516 quarti,
486 2441 546 2494 tres
563 2454 637 2496 vero
654 2432 772 2517 priores
789 2435 853 2498 lere
870 2431 939 2510 toti,
966 2443 1001 2494 ut
1013 2433 1053 2496 de
1068 2431 1201 2518 genuina
1213 2433 1318 2499 ..totius
1329 2457 1401 2499 car-

258 2527 349 2592 minis
366 2531 466 2593 forma
482 2527 670 2594 restituenda
686 2532 854 2616 desperare
876 2532 1058 2594 debeamus.
1112 2529 1213 2613 Igitur
1229 2531 1403 2615 probabilia

256 2647 436 2710 aequamur.

281 2769 285 2779 .
332 2721 422 2788 Vers.
441 2723 469 2787 I.
512 2732 679 2791 ΑΘΑΝΑΙ

257 2820 365 2909 Hujus
380 2887 384 2900 ,
398 2821 518 2905 generis
551 2823 731 2910 Epitaphia,
756 2824 870 2910 quibus
902 2822 1029 2887 nomina
1060 2824 1280 2889 defunctorum
1311 2847 1412 2909 supra,

256 2917 371 3004 scripta
397 2935 494 2997 erant,
526 2925 712 3008 plerumque
739 2922 771 2986 in
800 2922 872 3008 ipso
901 2920 990 2986 initio
1017 2921 1153 3007 aliquam
1180 2943 1291 2986 eorum
1316 2944 1402 2986 com·

252 3018 507 3084 memorationem
524 3043 598 3085 cum
612 3019 855 3086 demonstrativo
871 3008 938 3086 orde
955 3019 1128 3085 continent.
1171 3019 1274 3086 Exeo
1291 3042 1400 3104 gauere

255 3130 327 3180 sunt
342 3116 373 3181 in
389 3115 561 3203 Antholog.
580 3118 716 3204 palatina
734 3119 820 3183 Sect.
839 3139 904 3181 ιιι.
922 3142 955 3181 ιι.
973 3126 1049 3183 252.
1063 3116 1235 3222 Antipatri.

327 3221 398 3297 Oid
413 3221 475 3299 'Aid
475 3261 514 3300 αν
532 3225 765 3347 στέρξαντες’
750 3230 910 3310 evv‘rrrrov,
937 3225 1010 3323 οὐχ’
1007 3225 1111 3348 ἅπερ
1127 3223 1242 3312 amor,

378 3329 528 3414 Στᾶλον,
552 3324 663 3398 ἀλλΗ
643 3325 767 3422 oper-dv
782 3325 851 3397 ἀντ
869 3325 990 3422 ἀρετᾶς
1006 3319 1142 3421 ιλοχον.

254 3443 423 3510 Simonidis
441 3446 483 3511 ib.
500 3470 534 3512 n.
552 3455 627 3512 258.

329 3557 381 3626 O'r'
388 3549 431 3626 «le
453 3589 524 3653 παρ
524 3549 780 3652 'Eripvue'dov‘ro'
798 3588 870 3626 ποτ
869 3555 1029 3648 ’ἀγλαὸν
1045 3551 1176 3625 ὤλεσαν
1192 3552 1282 3644 ἥβην

377 3659 591 3750 Μαρνᾶμενοι
611 3648 735 3738 Μηδιον
751 3653 949 3750 τοξοφόρων
964 3657 1160 3749 προμάχοις

252 3773 306 3842 Cl.
324 3774 399 3840 ibid.
416 3776 559 3859 AEschyli
585 3799 616 3838 n.
635 3783 712 3840 255.
749 3774 891 3840 Platonis
913 3798 944 3838 n.
962 3777 1038 3840 256.
1079 3772 1248 3838 Simonidis
1275 3780 1394 3842 saro.

250 3871 324 3938 Jam
346 3873 445 3958 prima
468 3897 529 3940 voa
546 3893 619 3938 cum
643 3897 751 3937 casum
778 3872 913 3959 aliquem
940 3872 1026 3937 vocis
1053 3864 1220 3940 ἀθάνατοι
1248 3869 1396 3950 effecerit,

251 3994 412 4058 quumque
438 3997 476 4060 ea
504 3975 615 4036 eodenr
640 3971 797 4058 conjicere
824 3971 927 4047 liceat,
955 3970 1164 4036 immortalem
1181 3971 1398 4036 defunctorum

250 4069 392 4160 gloriam
415 4069 464 4135 hic
498 4071 593 4136 fuisse
628 4084 942 4160 commemoratam,
952 4092 1014 4134 nou
1050 4068 1207 4133 immerito
1236 4065 1394 4156 conjicias,

250 4192 371 4234 versum
387 4153 483 4234 ¹fuisse
492 4151 539 4233 ad
556 4190 697 4234 normam
715 4167 911 4234 Simonidei
903 4191 933 4234 ιιι
940 4145 1080 4234 Antliol.
1098 4159 1201 4232 Palat.
1220 4167 1308 4232 Sect.
1328 4185 1392 4228 vn.

249 4290 279 4332 ιι.
292 4275 366 4332 201.

316 4364 545 4464 Ἄσβοοτον
570 4345 783 4451 κλέοςοῗδε
766 4379 915 4476 εφιλη
928 4343 1208 4471 rrspln'o‘rpidr
1233 4373 1372 4446 θέντες

373 4473 525 4547 Κυάνεον
533 4478 678 4546 θανάτου
699 4453 942 4568 ἀμφιβολοντο
963 4475 1073 4570 νέφος.
