3218 5116
824 359 894 420 1³4
1213 351 1370 450 [Canas.
1385 359 1455 428 111.

240 527 331 604 iocis
372 538 584 632 congestum
620 541 709 604 erat
759 529 882 623 Quam
927 553 1018 632 ergo
1053 532 1252 632 pecuniam
1297 559 1353 612 exv
1389 533 1456 608 illo

242 659 442 736 Thesauro
465 660 568 759 plebs
592 659 868 737 Hellenotamiis
891 664 1072 739 numerari
1084 665 1258 765 jusserat,
1283 693 1328 745 ea
1350 671 1455 750 haud

242 811 369 862 revera
400 785 578 885 παρεδόθη.
629 788 862 886 Ἀνομολογεῖν
897 815 986 892 ergo
1024 793 1145 866 forsan
1186 791 1374 896 propriam
1407 799 1449 872 in

242 923 313 996 hac
350 945 390 998 re
426 925 573 998 verbum
609 949 689 1000 esse
721 935 824 1024 putat
857 925 1054 1002 Boethius.
1123 927 1287 1030 Prirnurn
1322 932 1448 1007 locum

241 1053 361 1145 vertit,
393 1059 415 1094 “
431 1053 573 1128 Wnrde
598 1053 718 1130 durch
746 1057 967 1154 anweionng
993 1055 1204 1158 verobsolgt
1213 1067 1259 1146 ς’·
1286 1061 1446 1137 alterurn

239 1194 377 1288 autern,
413 1183 678 1286 “oerobfolgte
705 1186 857 1260 mittelst
883 1189 1112 1288 Anneieung
1143 1191 1201 1264 die
1231 1191 1445 1285 &mesenen

243 1314 579 1392 Golden-moetos
606 1343 676 1394 von
702 1317 830 1420 Pena
855 1321 927 1394 den
958 1320 1164 1395 Feldlterrn
1197 1323 1236 1396 in
1269 1321 1442 1399 Samos.”

237 1447 330 1520 Cum
365 1447 480 1522 virurn
515 1446 585 1522 cel.
618 1445 803 1546 rogissenr
838 1470 886 1520 an
917 1448 1122 1547 exemplum
1156 1450 1267 1552 hujus
1294 1453 1442 1550 signifi·-

232 1577 388 1652 eationis
413 1578 545 1654 afferre
576 1589 710 1674 posset,
739 1579 820 1652 haec
852 1578 911 1654 ille
943 1579 1031 1654 mihi
1063 1579 1259 1678 rescripsit.
1313 1581 1452 1673 “Hoc,

234 1713 348 1778 “non
378 1728 549 1802 possunn
577 1707 640 1780 sed
674 1729 787 1806 quum
813 1717 953 1782 tantum
986 1710 1034 1783 de
1060 1707 1227 1806 pecuniis
1258 1709 1436 1804 massis,

226 1849 346 1914 “non
377 1841 423 1914 de
445 1840 637 1938 proratoris
663 1841 702 1914 in
734 1839 794 1914 illa
821 1839 1058 1938 inscriptione
1088 1850 1233 1938 agatur,
1258 1841 1434 1916 rationem

227 1974 579 2077 “quaerebantque
606 1999 678 2050 vox
704 1974 948 2068 ἀνωμολογήθη
974 1997 1061 2072 quae
1088 1983 1233 2070 pactum
1260 1973 1433 2061 eontinet,

230 2112 258 2212 <f
271 2105 456 2180 conciliari
498 2131 583 2180 eum
625 2106 883 2182 numeratione
924 2105 1092 2204 pecuniae
1122 2117 1272 2204 -posset
1339 2105 1432 2180 Haec

194 2279 202 2308 s
228 2237 358 2312 “ratio
382 2237 470 2314 rnihi
489 2239 685 2316 videbatur
702 2241 741 2314 in
759 2239 1014 2338 assignatione
1030 2239 1150 2337 posita
1173 2264 1268 2315 esse.
1321 2240 1431 2334 Quas·

226 2375 381 2442 ‘fetores
404 2374 550 2466 (Tantas
576 2371 636 2458 τῆς
661 2371 839 2465 Ἀθηναίας)
867 2370 1024 2446 Athenis
1051 2380 1157 2443 erant
1184 2372 1246 2443 sed
1273 2368 1431 2470 pecunia

227 2501 305 2578 “in
324 2499 476 2588 'Sam03
521 2502 636 2603 igitur
675 2505 833 2602 pecunia
874 2489 957 2578 non'
995 2501 1074 2600 ipsa
1114 2502 1244 2614 tradita
1279 2515 1335 2577 est
1367 2502 1428 2574 sed

226 2625 475 2726 “aeeigrsato.
527 2633 739 2734 Assignatio
776 2644 898 2708 autern
938 2643 1057 2729 potest
1089 2657 1178 2707 voce
1212 2635 1431 2728 ἁνομολογεῖν

228 2771 254 2803 “
267 2765 478 2866 designari;
515 2791 600 2840 narn
636 2769 700 2867 qui
734 2768 1016 2870 assignationem
1053 2767 1194 2865 accipit,
1229 2765 1432 2862 paciscitur

226 2900 311 2972 “de
339 2899 497 2996 pecunia
530 2911 629 2974 certo
663 2912 827 3002 tempore
857 2902 1015 2998 locoque
1046 2901 1272 2998 accipienda,
1299 2911 1337 2973 et
1369 2899 1431 2996 qui

225 3037 441 3138 “assignat,
465 3039 646 3136 promittit
674 3038 869 3138 pecuniam
898 3063 943 3112 eo
975 3049 1139 3136 tempore
1166 3039 1323 3138 locoque
1351 3041 1430 3114 red·

223 3169 430 3243 “dendanr.
484 3167 600 3278 Simul
632 3169 685 3244 ita
717 3169 885 3268 pecunia,
916 3169 1004 3244 licet
1037 3194 1111 3244 non
1141 3169 1263 3246 statim
1297 3193 1430 3268 reprae-

224 3309 251 3345 “
264 3310 417 3389 sentata,
450 3312 573 3378 tamen
607 3325 772 3399 expensa
801 3312 883 3389 est3
919 3300 1044 3398 itaque
1077 3300 1271 3398 assignata,
1296 3300 1364 3385 sel,
1390 3308 1431 3371 ut

223 3437 251 3472 “
264 3405 418 3520 reddidi,
444 3431 700 3530 nongentenos
731 3429 868 3506 tradito
900 3430 1060 3528 pecunia
1089 3442 1209 3528 potest
1238 3431 1337 3506 inter
1367 3455 1430 3506 ex-

159 3585 163 3594 ·
224 3568 378 3662 “pensa
405 3564 564 3654 referri3
592 3564 679 3665 quia
709 3562 959 3664 assignatione
988 3563 1095 3652 facta,
1118 3563 1277 3660 pecunia
1302 3573 1427 3637 num'e·

226 3704 251 3735 “
264 3708 365 3772 ratur
391 3695 425 3770 ei
452 3696 517 3796 qui
541 3695 827 3798 assignationem
852 3692 1070 3791 acceperin’

297 3828 344 3908 L.
370 3841 426 3918 19.
470 3827 561 3902 Pro
589 3833 829 3906 ΣΡΟΥΔΙΔΙ
873 3822 1020 3924 reposui
1067 3831 1308 3902 ΣΡΟΥΔΙΑΙ
1346 3831 1428 3923 post

226 3960 430 4038 Boekhiunr
459 3962 524 4058 qui
548 3959 955 4039 {HOYAtAEtetiarn
976 3957 1146 4060 conjecit.

302 4096 420 4172 Pana.
437 4097 525 4176 vll.
571 4095 617 4171 ln
650 4098 719 4172 hac
752 4096 930 4198 Prytanis
956 4089 1428 4170 celebrabantnr‘nnthes·

224 4217 317 4332 teria
350 4253 434 4331 quoe
469 4241 541 4306 tres
576 4231 653 4307 dies
687 4233 875 4307 duravere.
926 4225 1000 4301 Sed
1031 4227 1075 4300 'ut
1108 4250 1195 4301 vere
1229 4221 1426 4312 Biickhius,

225 4484 314 4542 tribus
330 4481 490 4542 annisants
505 4488 632 4542 nostrum
647 4481 799 4553 decretura,
848 4480 944 4541 nnitur
977 4479 1095 4558 munia
1134 4477 1251 4538 minime
1290 4476 1423 4536 ninsnm

222 4578 331 4653 (Thus.
353 4577 801 4658 vt11.21.)emoquaehicin-
851 4581 889 4640 ab
912 4579 1006 4642 insula
1023 4577 1158 4641 conatum
1172 4595 1240 4639 esse
1264 4587 1364 4654 potat.
