3158 5104
766 374 836 432 124
1157 366 1306 451 [Cusas.
1331 367 1395 434 111.

196 555 424 631 memoratur,
451 545 642 644 pecuniam
668 568 690 617 e
714 541 892 618 thesauris
920 541 1100 617 Minervae
1121 543 1289 617 traditam
1317 565 1396 616 esse

193 674 230 748 in
255 686 419 774 sumptus
442 674 697 750 Panathenaeis
718 680 791 751 wir
811 671 980 769 μεγάλοις
1000 672 1296 769 suppeditandos.

272 805 373 879 Anni
406 803 682 881 Atheniensium
719 805 832 879 civilis
861 815 944 903 post
975 804 1121 903 Olymp.
1153 827 1334 878 nxxxvn.
1364 814 1396 872 1.

199 943 484 1016 Hecatombaeon
514 941 604 1037 (ie.
634 937 772 1035 Julius)
801 917 1125 1038 ρυίαιαοίυαυείαι
1159 945 1248 1009 emt.
1304 935 1398 1025 Quae

197 1093 287 1168 ergo
317 1068 352 1140 in
385 1069 454 1141 boc
479 1091 655 1141 marmore
686 1080 941 1153 memorantur,
977 1089 1021 1139 ea
1050 1066 1171 1138 omnia
1198 1073 1279 1136 acta
1314 1073 1399 1135 sunt

198 1199 295 1272 inter
328 1195 468 1272 Julium
502 1223 534 1272 s.
566 1223 598 1271 c.
625 1212 712 1270 410.
744 1208 782 1272 et
816 1197 956 1270 Julium
989 1221 1024 1268 a.
1043 1219 1074 1269 c.
1105 1208 1190 1283 ⁴09·
1219 1217 1320 1266 anno
1347 1217 1396 1264 sc.

200 1328 502 1426 Peloponnesiaci
526 1328 612 1402 belli
637 1326 816 1426 vigesimo
842 1329 1012 1400 secundo.
1264 1305 1269 1316 ⁸
1353 1305 1370 1330 '

277 1459 323 1534 L.
348 1473 380 1534 l.
421 1461 579 1544 Ἀθηναῖοι
608 1457 783 1544 ἀνήλωσαν
813 1458 873 1530 ε’πῖ
906 1463 1123 1532 Γλαυκίππου
1154 1453 1319 1556 ἄρχοντας
1347 1457 1401 1527 καὶ

199 1596 256 1674 ἐπὶ
281 1601 341 1680 τῆς
366 1594 494 1684 βουλῆς
521 1588 541 1692 ᾖ
573 1591 744 1684 Κλεγένης
768 1589 910 1667 braccis
933 1597 1065 1688 πρῶτος
1089 1589 1338 1688 ἐγραμμάτευε.

200 1723 312 1822 Haud
340 1744 423 1802 raro
448 1720 484 1792 in
518 1719 575 1793 bis
607 1720 903 1817 inscriptionibus
933 1723 1165 1819 praemittitur
1195 1722 1402 1821 hujusmodi

203 1854 385 1928 sententia
411 1877 495 1951 quas
524 1877 600 1927 rem
628 1855 849 1928 tractandam
878 1868 1068 1952 proponat.
1119 1855 1176 1928 lta
1200 1855 1239 1928 in
1268 1855 1402 1928 Marm.

204 1981 338 2056 Santiv.
390 1980 477 2058 Τάδε
503 1981 652 2084 ἔπραξαν
675 1985 1094 2084 ἉμφικτῦουευἏθῃυαῖμυ
1119 2021 1149 2060 κ.
1164 2021 1199 2060 τ.
1214 1997 1248 2061 λ.
1261 2015 1274 2074 ;¹
1305 1996 1341 2059 ei
1367 1986 1420 2059 in·

201 2114 366 2211 plurimis
388 2114 683 2192 Atheniensibus.
734 2111 826 2190 Τάδε
849 2112 1039 2214 παρέδοσαν
1059 2121 1095 2192 αἱ
1115 2119 1283 2216 τέτταρες
1303 2118 1404 2221 ἀρχὰ

203 2239 409 2320 alditiones
432 2246 493 2317 το’ν
512 2245 632 2338 λόγου.
687 2241 789 2316 Tum
811 2242 850 2316 in
873 2267 964 2318 voce
988 2276 1018 2320 ει
1041 2243 1091 2349 (ᾗ)
1119 2245 1345 2320 desiderabat
1373 2252 1404 2316 H

205 2374 304 2472 quod
314 2397 412 2470 saepe
422 2371 508 2446 aiibi
520 2371 632 2447 libelli
643 2373 757 2446 nostri
776 2372 911 2446 Lector
921 2371 1196 2474 animadvertet.
1237 2381 1406 2469 Karpeia

168 2539 172 2550 ·
205 2503 309 2590 falso,
332 2513 373 2576 ut
394 2504 548 2592 videtur,
565 2528 632 2600 pro
655 2512 842 2600 Κλεογενεε
854 2532 865 2591 ;
891 2506 989 2604 quod
1012 2527 1125 2601 quare
1145 2503 1263 2579 dicam
1289 2505 1405 2578 statim

206 2636 407 2734 apparebit.
460 2645 600 2736 Πρῶτος
628 2639 878 2738 ἐγραμμάτευε,
912 2637 1034 2732 scriba
1070 2647 1150 2712 erat
1180 2636 1260 2735 ejus
1291 2637 1410 2712 tritus

208 2792 289 2870 pace
317 2767 445 2866 primo
473 2769 706 2866 prosiliebat.
760 2771 1022 2871 “Siquidem’'
1056 2783 1098 2846 ut
1126 2772 1301 2846 Coruinus
1331 2772 1411 2846 ani·

207 2897 436 2988 madvertit²,
478 2899 690 3000 “Prytania
721 2903 893 2999 quaelibet
920 2904 1067 2978 unicum
1098 2903 1213 2978 solum
1245 2902 1410 2976 Scribam

210 3039 235 3070 “
252 3030 420 3121 habebat,
452 3043 493 3104 ut
516 3043 669 3107 testatur
694 3032 872 3121 Pollux³3
903 3044 941 3106 et
967 3034 1061 3107 sicut
1087 3034 1125 3106 in
1152 3031 1411 3132 Prytaniarum

211 3173 237 3206 “
253 3163 347 3236 serie
380 3188 455 3238 uua
487 3165 603 3239 tribus
636 3166 741 3239 alteri
776 3167 1006 3254 succedebat,
1049 3166 1100 3239 ita
1137 3188 1284 3267 quoque
1319 3187 1412 3237 unus

211 3303 237 3336 “
249 3296 357 3368 ctiam
371 3297 490 3371 scriba
506 3298 659 3372 aiterum
674 3302 934 3396 sequebatur.'’
977 3300 1005 3374 J
1007 3325 1065 3374 am
1078 3324 1164 3374 vero
1175 3297 1287 3372 tribui
1300 3297 1411 3372 AEan·

211 3429 276 3501 tidi
300 3428 455 3525 primum
483 3441 572 3504 tunc
597 3432 770 3529 temporis
791 3432 911 3508 iocum
940 3433 977 3505 in
1005 3432 1260 3530 Prytaniarnm
1288 3429 1415 3503 ordine

213 3558 411 3660 contigisse
431 3583 453 3632 e
476 3571 599 3634 nostro
623 3586 800 3636 marmore
822 3573 982 3660 apparet.
1036 3559 1269 3650 Andocides⁴
1293 3571 1415 3632 autem

215 3693 400 3764 decretum
430 3691 590 3778 exbibet,
623 3716 697 3790 quo
729 3694 892 3793 quemvis
924 3691 1153 3790 tyrannidem
1185 3688 1413 3763 affectantem

216 3821 364 3917 impune
405 3822 574 3897 occidere
608 3824 721 3914 licuit,
763 3826 834 3898 boc
869 3828 976 3899 modo
1010 3835 1241 3922 conceptum.
1299 3817 1418 3913 Ἔδοξε

216 3957 262 4058 τῇ
285 3953 395 4060 βουλῇ
413 3959 464 4029 καὶ
489 3963 539 4051 τῷ
555 3951 653 4053 δήμῳ·
679 3958 813 4036 ’tirannio
836 3958 1048 4057 ἐπρυτάνευε,
1078 3956 1268 4051 Κλεογᾶυης
1288 3986 1420 4054 ε’γραμ·

215 4085 349 4176 μα’τευε,
392 4090 516 4178 Βοηθὸς
562 4091 761 4181 incaedua,
805 4089 888 4166 τάδε
927 4091 1151 4192 Δημόφαντος
1188 4088 1417 4188 συνέγραψεν.

260 4301 269 4332 ¹
291 4299 337 4358 Ci.
359 4300 472 4387 Corsin.
493 4305 524 4366 F.
540 4308 579 4365 A.
604 4305 628 4364 1.
643 4324 669 4382 p.
685 4309 735 4374 94.
754 4306 793 4364 11.
884 4306 896 4338 ³
918 4302 989 4362 Poll.
1004 4304 1065 4364 Lib.
1080 4305 1207 4366 vl11.c.
1222 4311 1253 4376 9.
1268 4305 1417 4372 Num-9⁸-

220 4396 375 4474 Proleg.p.
391 4419 592 4477 xxxv11.sq.
884 4406 894 4436 ⁴
915 4404 1025 4462 Antioc.
1042 4405 1126 4465 Orat.
1141 4406 1164 4466 1.
1177 4406 1211 4464 de
1223 4405 1315 4481 Myst.
1329 4423 1356 4480 p.
1371 4409 1416 4461 10.

260 4493 272 4525 ¹
293 4493 405 4554 Corsiu.
419 4493 452 4552 F.
465 4497 504 4555 Α.
523 4495 606 4552 Tum.
622 4495 646 4555 1.
661 4516 689 4570 p.
706 4503 773 4556 182.
844 4493 864 4552 l.
878 4499 928 4563 37.
942 4501 985 4558 ed.
1001 4499 1098 4574 Steph.
