3176 5094
239 351 312 422 lviii
723 379 1065 430 rnonuaouens.

239 539 349 603 antea
382 511 536 604 ineditas
571 533 707 628 publici
735 535 831 633 juris
869 534 991 623 faciat,
1029 537 1130 633 parri
1164 539 1288 610 refert.
1355 539 1436 638 Elgo

240 671 352 746 certe,
380 661 443 758 qui
462 687 559 736 meas
577 664 756 738 chartulas
782 666 946 739 Bbclrhio
968 667 1149 755 dederam,
1176 669 1327 741 Osanno
1347 693 1437 765 quo·

242 811 315 885 que
339 787 478 883 petenti
501 788 669 860 lubenter
692 789 881 863 dedissem.
933 791 1003 876 vix
1019 802 1139 865 autem
1157 791 1300 866 videtur
1322 794 1437 868 libero

241 919 388 992 homine
405 920 555 1018 dignum
578 931 630 1007 ut,
657 943 736 994 mea
764 921 871 995 venia
899 923 995 995 haud
1018 923 1220 1018 impetrata,
1247 948 1329 998 mea
1346 925 1439 1020 pub-

242 1045 301 1118 lici
321 1048 416 1145 juris
442 1049 562 1136 faciat,
590 1059 627 1122 et
651 1064 735 1123 ante
762 1075 819 1123 me
847 1051 936 1124 meis
973 1053 1129 1124 utatur¹.

307 1177 391 1252 darn
409 1203 525 1274 pauca
549 1179 669 1251 forsan
689 1182 734 1252 de
756 1179 936 1274 prioribus
960 1178 1235 1276 inscriptionum
1249 1181 1439 1254 ‘thesauris

243 1333 423 1406 apponere
441 1310 595 1384 decebit.
648 1310 765 1399 Quam
791 1334 866 1382 rem
892 1309 1001 1406 plene
1025 1309 1094 1382 sibi
1112 1305 1331 1382 tractandam
1357 1333 1438 1406 pro·

242 1460 412 1544 posuerat
456 1446 628 1520 Maffeius
672 1445 710 1516 in
755 1447 861 1518 tertio
894 1445 987 1518 libro
1032 1445 1131 1517 Artis
1172 1469 1247 1518 suae
1270 1446 1438 1554 'Criticat

243 1579 458 1674 lapidarias,
500 1587 613 1650 morte
656 1587 776 1649 sutem
821 1583 1021 1671 praereptus
1066 1575 1315 1670 imperfectam
1355 1575 1438 1648 reli-

244 1706 335 1802 quit.
405 1705 512 1794 Quod
558 1727 665 1776 nemo
709 1702 823 1800 magis
863 1725 971 1799 quam
1019 1724 1091 1799 ego
1138 1702 1262 1776 dolere
1307 1714 1437 1799 potest.

245 1835 382 1907 Multos
415 1833 510 1905 enirn
542 1833 651 1918 libros
686 1835 782 1905 baud
820 1833 947 1905 dubito
981 1831 1069 1929 quin
1105 1829 1275 1904 Msffeius
1309 1855 1437 1905 recen-

244 1961 385 2048 suisset,
414 1961 498 2032 mibi
530 1961 567 2037 in
597 1963 664 2034 hac
694 1961 867 2033 librorum
894 1962 941 2033 sd
970 1983 1046 2032 rem
1072 1960 1311 2056 antiquarium
1335 1983 1438 2055 spec·

242 2093 394 2166 tantium
440 2093 537 2188 apud
585 2091 780 2164 Britannos
830 2087 983 2185 penuria
1026 2087 1175 2162 omnino
1218 2085 1436 2184 incognitos,

242 2224 387 2296 eosdem
420 2233 540 2295 autem
569 2245 710 2295 summo
741 2220 859 2292 fructu
887 2220 1041 2290 refertos
1072 2219 1180 2290 etad
1210 2241 1326 2290 meam
1357 2239 1433 2289 rem

242 2353 432 2449 plurimum
469 2351 655 2424 facientes.
710 2347 884 2420 Lectores
916 2357 1051 2430 autem,
1089 2369 1170 2418 cum
1206 2320 1436 2418 meminerint

244 2504 351 2576 quam
378 2480 485 2575 pauci
520 2478 724 2575 hujusmodi
758 2475 841 2548 libri
870 2487 933 2548 aut
963 2476 1000 2546 in
1031 2475 1258 2548 bibliothecis
1290 2474 1435 2548 Britan-

243 2611 335 2681 nicis
355 2619 419 2680 aut
442 2609 477 2679 in
509 2607 701 2680 Britannia
716 2608 876 2691 omnino,
896 2605 1023 2700 quovis
1040 2605 1158 2701 pretio
1186 2605 1342 2690 venales,
1371 2625 1433 2675 ex-

243 2751 332 2826 tent,
358 2759 464 2834 spero
489 2739 575 2810 mibi
593 2762 675 2811 curn
695 2736 885 2808 multarum
903 2760 1023 2807 rerum
1041 2735 1079 2806 in
1099 2735 1177 2831 ipso
1198 2757 1309 2830 opere
1326 2734 1434 2830 igno-

243 2864 395 2939 rantiam
431 2876 468 2939 et
493 2863 719 2960 imperitiam,
754 2873 830 2935 tum
858 2865 895 2935 in
925 2865 995 2936 boc
1029 2863 1206 2960 Catalogo
1240 2863 1432 2935 multorum

242 2995 415 3068 librorum
438 2993 667 3066 omissionem
687 3015 766 3064 esse
785 2993 1059 3084 condonaturos.
1110 2989 1196 3063 Nec
1213 2990 1358 3087 quidem
1388 3015 1435 3064 ea

243 3123 331 3195 mihi
349 3148 449 3196 mens
468 3133 523 3196 est
538 3135 579 3195 ut
594 3145 719 3194 omncs
735 3120 857 3210 libros,
874 3122 912 3194 in
929 3121 1061 3217 quibus
1075 3119 1328 3216 inscriptiones
1345 3144 1434 3194 con-

242 3254 416 3339 tinentur,
446 3275 650 3337 memorem,
686 3276 768 3324 cum
802 3253 878 3347 ipse
913 3250 1085 3325 Maffeius
1112 3249 1224 3323 alibi'
1254 3250 1435 3347 inseripti·

242 3398 331 3447 ones
358 3397 423 3469 per
449 3384 619 3447 sexcenta
641 3373 822 3470 dispersas
852 3395 931 3446 esse
962 3373 1142 3446 volumina
1167 3383 1266 3445 recte
1292 3375 1432 3447 doceat.

242 3503 452 3576 Thesauros
479 3513 617 3574 tantum
643 3502 918 3599 inscriptionum
949 3524 1031 3573 curn
1059 3500 1258 3578 itinerariis
1289 3501 1432 3574 maximi

243 3631 415 3704 momenti
441 3639 478 3702 et
501 3629 625 3725 paucis
649 3629 728 3702 aliis
753 3652 946 3704 recensere
972 3627 1063 3702 volo.

285 3901 294 3934 ¹
317 3902 449 3961 Osaunus
462 3904 558 3960 omnia
573 3923 747 3962 marmorum
763 3904 812 3962 El·
862 3905 933 3962 mori
955 3905 1122 3964 commissas
1142 3908 1276 3982 descripsi
1294 3925 1359 3968 cum
1373 3927 1436 3985 per·

242 3995 416 4072 ginianorum
430 3998 639 4073 apograpbsad
652 3999 811 4057 Biickbium
861 4002 956 4074 paucis
992 3999 1064 4059 aliis.
1125 4002 1301 4070 Quantulum
1339 4015 1434 4064 autem

243 4089 342 4162 missa,
361 4109 381 4146 a
401 4107 448 4146 me
461 4089 536 4148 lacta
550 4109 611 4149 esse
627 4092 757 4150 arbitrari
770 4093 813 4149 vi·
860 4092 1014 4150 fructuma
1036 4095 1108 4153 meis
1127 4095 1267 4154 laboribus
1282 4099 1437 4174 perceperit

242 4184 332 4243 detur.
385 4184 519 4242 Maxima
555 4193 649 4243 autem
688 4203 753 4259 pars
794 4205 812 4242 a
863 4185 1007 4260 Osannus,
1027 4189 1157 4268 epagiue
1170 4188 1242 4254 aad.
1256 4192 1407 4254 constabit.

242 4276 279 4336 T.
291 4277 322 4338 S.
337 4277 434 4336 Evans
447 4278 523 4336 laeta
536 4288 586 4338 est.
623 4279 684 4354 Ego
697 4277 813 4354 inserip·
901 4279 912 4313 ¹
934 4284 1017 4349 Mali.
1034 4287 1064 4348 in
1085 4287 1171 4350 rtet.
1187 4287 1266 4353 Mus.
1282 4289 1387 4352 Veron.
1405 4310 1435 4368 p.

240 4370 329 4430 dones
351 4381 462 4431 tantum
485 4381 548 4432 ante
571 4371 718 4432 Euclidem
738 4391 815 4432 mar·
865 4393 928 4437 vrr.
