3218 5116
251 373 326 431 ¹212
668 376 996 429 sconsaouaus.
1199 361 1348 446 [Ccsss.
1378 355 1445 430 111.
1483 345 1489 364 ⁸

256 547 480 646 magistratus
498 545 560 643 qui
587 547 621 618 in
648 547 703 620 his
726 547 959 620 marmoribus
984 557 1226 618 memorantur
1253 545 1445 620 Minervas

258 679 463 770 Quaestores
477 689 605 765 essent,
620 690 657 752 et
669 677 914 754 Panathenaea
928 680 1052 776 quinto
1070 677 1213 775 quoque
1231 703 1327 750 anno
1342 677 1446 752 cele·

256 814 350 887 brari
369 815 536 902 solerent,
551 814 609 887 vix
626 815 772 888 dubium
790 815 876 913 quin
896 815 972 888 naec
992 815 1100 888 verba
1111 816 1156 887 ad
1171 814 1383 906 Qurcstores
1399 840 1445 889 eo

257 944 373 1018 officio
395 947 536 1020 functos
559 969 625 1042 per
643 947 706 1019 hos
725 957 879 1043 quatuor
897 969 1009 1018 annos
1028 947 1154 1020 referii
1171 948 1338 1020 debeant.
1399 947 1441 1018 ln

257 1075 490 1171 inscriptione
510 1074 791 1150 Fourmontiana
810 1076 939 1169 (Class.
959 1077 1027 1150 111.
1053 1077 1147 1150 Sect.
1166 1078 1195 1150 l.
1222 1077 1336 1152 lnscr.
1354 1078 1445 1172 lV.)

257 1207 394 1305 liquido
418 1207 550 1305 legitur
574 1212 604 1280 oi
632 1209 683 1280 del
713 1211 828 1286 rotulos
855 1205 1120 1306 α’ναγραφὸντων
1144 1209 1176 1282 e's
1204 1210 1445 1294 scribon-erni

256 1342 293 1414 ἐκ
325 1344 555 1426 Παναθηναῖων
581 1341 612 1417 ds
643 1339 852 1424 Παναθήναια
881 1340 942 1413 τδν
968 1331 1075 1434 λόγον
1104 1337 1255 1415 διδόντων
1283 1345 1450 1441 καθαπερ.

258 1479 288 1548 oi
309 1476 355 1546 τᾶ
375 1481 436 1560 τῆς
454 1475 613 1560 Ἀθηναίας
636 1473 855 1558 ταμιεύοντα,
879 1482 915 1543 el
938 1473 974 1544 in
996 1471 1065 1544 alla
1088 1472 1318 1569 inscriptione
1343 1476 1445 1548 infru

257 1601 371 1701 posita
387 1601 558 1698 leguntur
577 1623 724 1696 quoque
741 1598 848 1671 verba
864 1598 899 1669 ἐκ
916 1604 1144 1685 Παναθηναέων
1160 1601 1191 1674 ἐς
1215 1605 1444 1690 Παναθήναια.

258 1731 315 1802 An
340 1728 445 1800 unius
468 1727 641 1825 cujusque
675 1727 760 1799 anni
787 1727 871 1816 fine,
901 1727 962 1801 illo
986 1753 1083 1802 anno
1109 1730 1225 1803 factus
1252 1733 1443 1834 catalogus

259 1861 423 1934 marmori
454 1860 662 1948 traderetur,
697 1881 866 1934 omnesve
899 1861 1023 1934 eodem
1061 1873 1220 1958 ternpore
1249 1863 1293 1934 ad
1327 1865 1442 1938 finem

179 2027 183 2038 ’
258 2019 306 2070 sc.
324 1991 583 2094 Τιτραατηρίδοι
599 1993 890 2084 inscriberentur,
912 1997 1007 2078 linud
1025 1996 1170 2070 omnino
1186 2007 1296 2094 patet.
1339 1995 1442 2073 Hinc

259 2137 354 2202 stant
384 2129 492 2202 verba
520 2127 557 2199 in
591 2126 691 2198 initio
725 2125 899 2225 cujusque
934 2125 1177 2221 inscriptionis
1210 2129 1325 2224 posita
1356 2127 1443 2204 τάδε

259 2261 443 2363 παρέδοσαν
471 2273 622 2346 κ.τ.λ.;
660 2258 770 2346 illinc,
807 2260 916 2332 verba
945 2258 1004 2331 illu
1029 2283 1050 2334 e
1078 2260 1360 2336 Fourmontisna
1388 2263 1444 2337 in-

258 2401 449 2496 scriptione
467 2397 572 2471 citata
588 2400 618 2467 oi
632 2395 685 2467 ἀεὶ
699 2398 811 2475 ταμίαι
827 2392 893 2465 &c
911 2393 1005 2490 quod
1021 2395 1162 2500 quidem
1182 2394 1257 2468 lieri
1277 2399 1442 2495 nequivit

259 2550 341 2598 cum
363 2523 568 2614 Quaestores
586 2525 667 2596 novi
690 2523 838 2622 singulis
860 2509 965 2598 annis
989 2523 1073 2598 facti
1100 2527 1181 2614 sint,
1210 2529 1276 2600 nisi
1305 2529 1440 2630 singuli

259 2681 339 2729 cum
372 2679 500 2727 munus
535 2655 737 2751 explessent
767 2681 867 2729 suum
904 2661 1103 2760 catalogum
1140 2663 1304 2737 marmori
1330 2665 1440 2737 tradi-

260 2786 426 2859 dissent¹.
454 2787 647 2876 Praeterea,
659 2785 696 2858 in
712 2787 892 2862 nonnullis
911 2795 1157 2883 marmoribus,
1175 2797 1269 2871 baud
1285 2799 1439 2870 eundem

260 2915 441 2989 literarum
473 2938 660 2988 numerum
688 2915 792 2991 lineis
819 2918 924 3019 hujus
950 2945 993 2994 ac
1025 2921 1115 2998 illius
1144 2923 1241 2999 Anni
1259 2925 1439 3025 catalogo-

260 3077 351 3141 rum,
381 3078 437 3126 me
448 3051 587 3153 jndice,
615 3049 842 3126 tribuendum
861 3078 940 3128 esse
956 3056 1126 3144 videmus,
1154 3083 1200 3133 ex
1222 3084 1293 3156 quo
1315 3084 1440 3133 omnes

261 3181 356 3254 haud
390 3181 515 3254 eodem
550 3191 719 3276 tempore¹
745 3179 896 3278 scriptos
930 3207 1007 3259 esse
1041 3187 1257 3282 probabilius
1286 3187 1434 3262 ridetur.

261 3313 305 3388 ln
344 3315 458 3409 primo
495 3313 658 3413 catalogo
697 3327 938 3390 memorantur
981 3319 1183 3410 Quaestores
1216 3323 1301 3396 anni
1335 3337 1438 3398 antea

191 3559 194 3570 '
303 3557 311 3592 ¹
335 3559 568 3635 Osaunus(l'asc.
580 3559 619 3620 ll.
635 3579 663 3636 p.
674 3557 736 3636 61.)
750 3559 828 3616 unius
878 3561 935 3636 ipse
954 3565 1130 3638 exomindrit;
1148 3567 1338 3626 characterum
1361 3567 1437 3626 nulla

262 3659 395 3735 cujusque
408 3657 472 3716 anni
490 3656 693 3734 dispensatores
711 3659 738 3714 in
752 3655 829 3713 tolv-
878 3659 1022 3720 diversitas
1058 3673 1200 3739 appareat.
1250 3665 1339 3734 Quasi
1371 3681 1436 3722 vero

264 3755 316 3824 las,
338 3754 402 3830 quid
425 3753 582 3830 acceperint
607 3763 635 3812 et
657 3749 828 3819 tradiderint,
879 3755 1071 3816 characterum
1090 3758 1180 3818 tonna
1200 3763 1321 3821 Athenis
1341 3771 1436 3840 quarto

265 3848 408 3917 retulisse;
441 3856 470 3904 et
509 3855 571 3922 post
608 3843 827 3920 quadriennium,
879 3869 984 3926 quoque
1007 3869 1080 3909 anno
1106 3863 1267 3915 mutaretur.
1328 3857 1379 3914 Sed
1403 3873 1436 3912 ex

265 3957 383 4027 quatuor
401 3945 503 4005 clusos
521 3945 741 4020 dispensatorum
755 3942 827 4018 quod
879 3948 965 4006 trihus
988 3949 1208 4025 inscriptionibus
1231 3952 1303 4027 apud
1328 3952 1439 4012 Chand·

266 4064 373 4126 quoque
386 4065 458 4104 anno
476 4051 666 4119 computatum
680 4049 751 4098 esset
761 4039 828 4116 lupi·
877 4043 976 4114 lorum,
995 4045 1040 4122 (P.
1056 4047 1093 4104 ll.
1122 4047 1210 4106 lnscr.
1222 4047 1273 4104 lv.
1289 4055 1318 4106 1.
1343 4049 1397 4109 lV.
1411 4053 1440 4105 2.

266 4145 294 4201 di
322 4140 440 4218 insculpi
462 4141 575 4218 jussisse
602 4145 690 4213 putot.
746 4135 828 4205 Quod
878 4142 939 4218 V.),
959 4141 1053 4216 paucis
1072 4143 1151 4201 annis
1174 4152 1236 4218 post
1251 4153 1345 4200 nostra
1365 4163 1439 4202 mar·

267 4239 360 4299 nescio
387 4259 423 4296 an
450 4238 532 4308 male,
559 4235 686 4312 quamvis
713 4236 829 4293 absurde
878 4256 956 4296 mora
969 4237 1077 4313 sculpta
1095 4257 1202 4297 morem
1216 4248 1355 4296 mutatum
1370 4257 1440 4315 esse,

269 4337 401 4394 Osannus
426 4333 498 4389 hauc
524 4329 694 4386 sententiam·
709 4338 827 4390 tueatur.
879 4341 908 4387 at
925 4329 1014 4387 eidem
1034 4330 1117 4406 lapidi
1139 4352 1193 4390 non
1212 4332 1265 4390 nisi
1282 4333 1361 4390 unius
1374 4331 1437 4388 anni

207 4413 210 4420 Δ
269 4431 314 4488 Ita
337 4431 411 4488 enim
440 4447 497 4486 rem
522 4444 581 4483 esse
606 4427 657 4482 sibi
675 4427 760 4484 videri
780 4427 829 4496 ait,
880 4423 1036 4502 catalogum
1067 4428 1248 4487 commissum
1274 4447 1334 4488 esse
1366 4427 1441 4485 vide-

268 4526 340 4602 quod
354 4525 381 4582 in
399 4523 480 4598 hujus
498 4519 603 4600 generis
617 4507 829 4597 lapidibusquos
880 4537 953 4581 mus.
