3176 5094
201 407 283 478 xviii
658 431 998 481 ruonnnorsnrrn.

197 591 414 680 Γραμματίκη
442 583 593 681 Θεωρίαι
619 586 739 658 adhuc
765 588 898 661 clarius
921 596 955 660 Η
982 597 1019 661 et
1043 597 1074 659 Ω
1099 587 1195 660 inter
1216 585 1413 658 elementov

193 718 271 813 jam
298 738 363 788 sun
388 726 495 788 aetste
517 717 629 814 vulgo
654 719 787 792 nsitnta
807 723 989 794 numerari
1016 723 1135 797 docet.

203 856 242 927 T'
266 855 377 954 ἄλφα,
403 859 514 947 βῆτα,
549 859 680 951 γάμμα,
714 856 833 946 δέλτα,
861 858 938 950 ῆτα,
973 868 1075 950 θῆτα,
1112 869 1199 936 Θεοῦ
1219 865 1290 961 ‘ydp
1317 865 1402 957 εἴγε.

202 987 296 1073 inin-a,
321 989 449 1073 reinna,
475 987 625 1079 λάμβδα,
650 998 705 1077 μῦ,
733 998 780 1076 νῦ,
807 993 851 1084 ξῐ,
878 993 922 1063 ‘rd
945 1005 992 1076 οῦ,
1019 997 1072 1077 nri,
1094 999 1150 1090 ρῶ,
1176 1001 1298 1087 σίγμα,
1322 1001 1403 1082 ταῦ,

201 1131 359 1220 ὗπαρον,
383 1131 438 1222 φῖ,
465 1131 504 1222 χῖ
530 1159 570 1196 τε
595 1132 645 1216 τῷ
671 1131 727 1218 riti,
754 1131 797 1198 sir
823 1127 865 1197 τὸ
892 1125 948 1198 ¹13⁹.
1003 1125 1051 1197 Et
1073 1128 1200 1197 eodem
1228 1126 1321 1198 loco.

203 1279 300 1356 Βῆτα
324 1269 435 1369 ἄλφα,
461 1273 523 1361 βα·
551 1271 650 1361 βῆτα
676 1279 714 1359 ei,
740 1275 795 1362 βε·
827 1275 924 1362 βῆτα
950 1287 981 1360 ῆ,
1008 1275 1067 1363 βῆ·
1103 1275 1200 1362 βῆτα
1228 1277 1320 1361 ἰῶτα,
1348 1275 1402 1366 βι·

201 1405 298 1492 βῆτα
324 1403 373 1490 ori,
390 1403 455 1490 βο·
494 1403 589 1491 βῆτα
612 1436 638 1483 υ,
664 1403 720 1490 βυῖ
756 1403 853 1490 βῆτα
877 1399 913 1486 ui,
941 1403 1004 1489 βω.

305 1529 583 1600 “Statuendum
628 1528 741 1625 igitur
778 1529 885 1615 erit,''
925 1540 963 1599 ut
1008 1553 1092 1602 vere
1137 1527 1403 1603 Thierschins³

205 1669 286 1755 post
326 1658 452 1744 alios‘,
491 1659 594 1732 “isto
627 1657 786 1730 Euclidis
825 1659 972 1730 decreto
1010 1657 1098 1730 nihil
1145 1659 1243 1731 uliud
1290 1659 1402 1731 luisse

205 1796 428 1872 contentum,
455 1786 523 1858 nisi
567 1796 606 1858 nt
649 1786 792 1857 lonicae
832 1785 955 1858 literas
997 1787 1033 1858 in
1080 1788 1241 1884 publicis·
1276 1813 1406 1861 monu⁴

207 1918 334 1992 mentis
382 1919 618 1991 inscribendis
663 1919 837 1992 adhibere
873 1921 1039 1993 liceret.”
1107 1922 1191 2010 Quo
1238 1932 1403 2018 tempore

205 2069 293 2142 ergo
326 2054 389 2116 aut
424 2045 460 2117 in
494 2047 634 2143 reliqua
668 2047 810 2120 Graecia
842 2060 904 2120 aut
939 2046 976 2119 in
1020 2048 1106 2143 ipsis
1138 2049 1291 2121 Athenis
1325 2072 1402 2143 per-

206 2176 389 2248 crebuerit
426 2200 511 2249 usus
544 2178 736 2275 longarum
779 2177 968 2267 vocalium,
1002 2202 1109 2250 nemo
1144 2177 1229 2251 satis
1262 2178 1404 2251 idoneis

204 2305 411 2379 auctoribus
444 2307 555 2382 fretus
584 2308 705 2382 dicere
735 2317 853 2404 potest
865 2307 890 2378 ⁵.
932 2293 1141 2381 ⁴Utilissimn
1166 2307 1403 2403 proculdubio

207 2449 245 2512 et
264 2463 375 2533 poene
394 2443 597 2514 necessaria
617 2442 689 2514 fuit
706 2465 830 2513 earum
848 2441 1025 2525 inventio,
1054 2443 1152 2537 quod
1168 2450 1278 2512 antea
1295 2463 1403 2535 quarn

206 2570 359 2641 invectae
378 2569 461 2656 sint,
485 2570 659 2664 triplicem
681 2571 797 2643 vicem
823 2570 964 2642 vocales
984 2578 1011 2640 E
1038 2582 1076 2642 et
1095 2579 1127 2642 Ο
1153 2572 1401 2643 sustinuerint.

213 2712 237 2776 E
253 2703 389 2775 scilicet
405 2701 474 2774 sibi
493 2704 672 2799 propriam
691 2713 917 2798 potestatem,
937 2702 1153 2801 diphthongi
1168 2711 1213 2777 El
1231 2715 1270 2777 et
1282 2705 1405 2802 iongae

251 2967 385 3026 ¹Athen.
401 2987 433 3024 x.
449 2987 476 3041 p.
490 2971 561 3024 453.
833 2961 997 3021 memoriam
1029 2981 1111 3020 cusos
1146 2981 1205 3022 esse
1235 2963 1407 3020 ostenderint

251 3080 328 3136 ¹Cf.
350 3081 468 3137 Ecklrel.
489 3081 573 3136 Doct.
599 3077 636 3132 N.
655 3077 721 3133 Ver.
742 3094 780 3134 11.
833 3059 1017 3207 §MD-D·
1054 3057 1403 3210 CshSpanhAedPraept.

213 3185 325 3252 ⁹⁹¹²·
792 3159 1405 3322 ‘ntttil1t}l.⁵.·..lt¹l?⁰¹t.⁸n{²tz

250 3287 262 3316 ὃ
283 3291 356 3344 Acta
373 3288 475 3346 ΡΜ
488 3290 603 3344 Mmc'
620 3304 658 3343 ¹¹⁵
673 3306 700 3360 ρ’
714 3294 783 3354 409'
833 3341 913 3414 cipue
927 3343 1022 3400 notavi
1039 3361 1104 3399 curn
1119 3341 1171 3398 hos
1193 3358 1322 3398 nummos
1335 3339 1404 3396 viris

252 3409 783 3480 ⁴V³l⁹⁸·l¹¹¹¹⁰⁰²l⁵M³¹¹⁵⁵³⁰·P·¹⁰²·
833 3437 923 3494 doctis
954 3437 1044 3494 fraudi
1076 3435 1160 3492 luisse
1194 3435 1314 3491 videam.
1358 3432 1404 3489 Cf.

215 3505 347 3564 Bouhier.
374 3505 410 3562 ed
436 3505 508 3562 calc.
538 3502 697 3560 Montfauc.
722 3499 783 3560 Pal.
834 3533 869 3588 R·
892 3533 924 3590 p·
952 3532 1070 3608 Κώεω,
1094 3533 1129 3587 de
1156 3531 1281 3604 Apphap„
1306 3529 1401 3587 Gfaec,

216 3599 269 3656 Gr.
284 3619 312 3674 p.
329 3605 397 3666 573.
440 3595 623 3654 Barthclemi.
638 3597 728 3653 Mem.
749 3595 784 3650 de
833 3647 859 3702 p·
879 3635 923 3694 ¹7·

213 3695 326 3753 l'Acud.
354 3696 403 3751 des
430 3689 523 3749 Belles
556 3691 673 3748 LettrcS.
699 3691 783 3750 Tom.

216 3807 329 3844 xnvrr.
344 3808 373 3863 p.
387 3793 456 3845 388.

966 3627 1080 3702 Septem
1100 3625 1259 3700 hujusmodi
1287 3624 1405 3682 Gelonis

833 3723 941 3780 nummi
968 3723 1041 3797 apud
1070 3723 1165 3778 Psrut.
1193 3722 1264 3780 Ταῦ.
1294 3737 1349 3778 xc.
1377 3729 1407 3777 et

835 3823 1114 3882 xc1.nsserventur;
1136 3816 1233 3871 decem
1253 3813 1325 3892 npud
1348 3814 1407 3870 Mi-

253 3916 265 3946 ⁵
286 3914 450 3971 Notandum
474 3911 582 3970 videtur
602 3912 631 3968 in
656 3914 784 3970 omnibus
833 3913 976 3970 onnetium
990 3913 1090 3988 (Turn.
1109 3909 1135 3968 Ι.
1149 3929 1177 3984 p.
1194 3909 1280 3984 328.)
1297 3925 1405 3964 memo-

216 4009 332 4067 Gelonis
346 4019 428 4083 atque
445 4007 575 4065 Hieronis
590 4009 713 4066 nummis
726 4009 786 4086 (qui
834 4021 930 4068 rentur
957 4027 1072 4084 quorum
1092 4006 1181 4063 editur
1200 4021 1270 4060 unus
1291 4003 1319 4058 in
1332 4003 1404 4060 Tan.

214 4103 315 4162 saitem
350 4123 447 4161 eorum
483 4105 595 4162 nomine
633 4107 786 4181 signentur)
836 4121 960 4162 nxvrrr.
982 4103 1082 4158 No.l.
1125 4095 1234 4170 Viginti
1255 4113 1320 4152 cum
1340 4098 1407 4154 duo«

214 4201 329 4273 longam
343 4197 469 4256 vocalem
488 4225 508 4256 ω
526 4219 636 4275 semper
647 4201 786 4277 usurpari.
834 4201 885 4256 bus
914 4196 1045 4254 Hieronis
1074 4211 1205 4250 nummos
1241 4191 1294 4247 hoc
1322 4190 1405 4247 modo

215 4299 351 4352 Attamen
358 4293 435 4352 nulla
442 4301 486 4352 est
495 4295 595 4354 horum
604 4313 784 4352 nummorum
834 4293 952 4361 scriptos
965 4289 1049 4347 edidit
1063 4288 1178 4345 anta.
1218 4283 1303 4356 (Ταῦ.
1318 4299 1404 4340 xcrr.

215 4389 364 4448 auctoritas
390 4409 455 4448 cum
487 4389 533 4446 diu
570 4401 633 4466 post
668 4388 784 4446 Gelonis
833 4398 862 4447 et
886 4389 1005 4464 xcrrr.)
1047 4384 1092 4442 Ci.
1118 4383 1256 4440 Mionnet.
1274 4381 1358 4440 Turn.
1380 4381 1404 4438 l.

214 4495 295 4563 atque
321 4485 451 4544 Hieronis
484 4495 596 4543 aetutcnr
628 4487 656 4542 in
687 4501 782 4541 eorum
834 4500 862 4555 p.
888 4487 958 4540 330.
987 4481 1059 4538 Tub.
1087 4494 1215 4538 nxvrrr.
1242 4475 1297 4534 No.
1325 4479 1353 4542 5,
1374 4471 1405 4532 6.
