3218 5116
192 433 323 502 lusca.
349 431 464 512 v111.]
778 439 843 504 tsi

272 604 469 703 Epistatae¹
488 606 613 703 tempii
650 607 687 682 in
707 608 878 706 Acropoii
908 607 945 682 in
973 632 1046 706 quo
1074 619 1130 684 est
1158 619 1261 686 retus
1291 611 1399 684 nimu-

193 736 346 822 iacrum,
366 736 526 836 Brosyn.
543 792 552 811 .
568 793 577 809 .
593 763 628 812 .s
647 737 909 835 Cephisiensis,
934 737 1134 814 Chariedes
1152 740 1400 841 Agryiensis²‚

196 871 338 946 Diodes
373 871 637 969 Cephisiensis,
665 874 846 949 Philocles
878 877 1124 954 Acharnensis
1157 879 1398 968 Architectus,

197 1000 401 1076 Etearchus
436 1004 739 1102 Cydathenieneis
775 1005 906 1082 Scriba
939 1009 1132 1105 sequentia
1166 1010 1399 1108 inscripsere³

197 1156 312 1230 opera
333 1134 470 1230 tempii,
497 1161 542 1209 eo
561 1145 655 1209 statu
672 1161 747 1233 quo
766 1161 844 1210 esse
862 1139 1182 1234 deprehenderunt
1197 1143 1397 1216 secundum

198 1266 382 1338 decretum
402 1269 500 1363 quod
518 1267 706 1366 Epigenes
723 1269 856 1357 retulit,
882 1269 959 1344 atio
977 1269 1087 1358 fucta,
1109 1269 1187 1344 alia
1202 1267 1401 1356 semifacta,

196 1397 372 1472 archonte
418 1397 560 1488 Diocle,
600 1399 721 1473 Tribu
758 1400 965 1498 Cecropide
1005 1401 1120 1497 prima
1157 1400 1224 1492 (sc.
1257 1397 1401 1489 ordine)

196 1529 417 1624 praesidente
435 1531 628 1607 Concilio⁴
645 1558 717 1632 quo
734 1531 974 1629 Nicophanes
999 1533 1254 1608 Marathonius
1274 1531 1403 1628 primae

199 1657 386 1756 Prytaniae
413 1663 529 1736 scriba
556 1664 635 1737 fuit.

277 1787 367 1863 Haec
389 1791 512 1888 tempii
537 1817 644 1888 opera
669 1794 976 1891 deprehendimus
993 1794 1183 1868 semifacta
1201 1793 1238 1866 in
1262 1789 1400 1890 angulo

200 1920 418 2021 Cecropium
439 1949 575 1998 versus.

279 2055 332 2128 IV
358 2055 547 2154 Tegulas⁵
567 2057 815 2148 (marmoreas)
834 2082 906 2129 non
930 2082 997 2130 suo
1012 2059 1086 2130 ioco
1105 2061 1249 2154 positas,
1264 2025 1402 2157 'longas

198 2201 213 2228 ⁸
243 2211 284 2259 rv
302 2186 397 2280 ped,
425 2186 515 2255 latas
534 2210 562 2256 rr
582 2185 677 2278 ped„
703 2207 841 2256 crassas
859 2187 1017 2279 sesquip.

202 2405 434 2485 nunc’Appvupb
452 2405 624 2483 appeliatum
645 2425 706 2464 esse
723 2415 779 2464 sta-
867 2407 1015 2481 ⁴[iootne.
1072 2407 1249 2467 Chandicrus
1285 2431 1301 2468 e
1339 2431 1403 2468 con-

202 2503 266 2563 tuit.
288 2503 396 2560 Contra
409 2502 629 2580 quem·disputet
645 2503 778 2561 Corsinus
822 2510 935 2586 jactura
951 2505 1027 2563 dedit
1048 2517 1144 2566 noter.
1187 2507 1241 2564 Sed
1262 2507 1402 2566 invemat

203 2603 281 2662 fast.
304 2607 367 2660 nrt.
386 2591 410 2662 i,
436 2621 463 2678 p.
478 2607 547 2662 204.
576 2612 605 2662 et
632 2602 777 2682 irrigatam
828 2605 975 2664 lectionem
1011 2605 1116 2664 dudum
1156 2603 1294 2663 inciderat
1332 2605 1402 2662 Rar-

202 2697 342 2774 Hcaychii
382 2697 531 2756 lectionem
571 2709 673 2767 tuetur,
707 2701 775 2757 duos
827 2701 988 2760 thelemius.
1021 2702 1126 2778 (Mem.
1153 2701 1187 2756 de
1216 2698 1324 2761 i’Acad.
1352 2701 1400 2759 des

203 2793 518 2870 populosessedocens.
561 2796 634 2854 Cum
652 2797 777 2854 hieursio
829 2799 958 2874 inscript.
995 2799 1079 2856 Tom.
1108 2813 1237 2854 xcvrrr.
1261 2815 1289 2870 p.
1318 2802 1401 2874 348.)

203 2889 270 2946 iacit
306 2889 464 2966 Stephanus
496 2892 615 2966 Byzant.
644 2893 673 2948 in
704 2891 776 2951 ioco.
829 2895 920 2951 liouee
940 2911 975 2948 ex
997 2911 1089 2949 errore
1107 2891 1255 2966 sculptoria
1274 2891 1301 2948 iu
1324 2891 1401 2966 Eigi-

204 2985 411 3062 Harpocration
434 3005 542 3061 quoquc
565 3005 619 3042 non
640 2987 693 3042 nisi
710 2990 780 3056 Ἀγ-
829 2989 912 3044 niano
925 2989 1045 3061 quodam
1061 3007 1201 3044 marmore
1214 2985 1323 3062 iegitur.

203 3086 290 3164 potvit
300 3091 448 3152 memorat,
462 3097 547 3156 quam
560 3079 596 3136 ihi
613 3079 778 3135 hiaussacus
866 3079 1040 3164 “‘iiundor
1083 3083 1183 3156 tegulae
1235 3099 1400 3140 marmoreae

203 3179 534 3252 etVaiesius(innot.ad
550 3173 778 3240 Maussacinot.i
829 3189 917 3247 erant,
946 3179 973 3235 in
999 3179 1098 3254 quibus
1126 3178 1261 3256 tingendis
1288 3197 1401 3236 summa

199 3279 322 3338 eandem
344 3295 377 3333 ac
399 3279 562 3355 Ἀγρανλην
585 3275 777 3360 essetdocent.
828 3274 1011 3332 adhibebatur
1026 3293 1094 3333 cura
1114 3283 1144 3334 ut
1164 3275 1282 3352 singulae
1303 3275 1331 3331 in
1346 3275 1402 3332 ain-

202 3373 282 3433 Inira
298 3385 404 3444 autem,
429 3391 496 3430 voce
510 3369 689 3453 Ἀρδηττος,
709 3373 777 3429 duos
828 3371 908 3449 gulas
922 3391 957 3429 ex
975 3371 1053 3431 omni
1070 3381 1148 3447 parte
1163 3373 1342 3450 quadrarent,
1364 3391 1399 3431 ne

201 3491 291 3548 pagos
304 3471 390 3546 (hunc
405 3469 776 3550 Ἀγρύληντήνιῖπενερθεν,
828 3467 930 3527 alicubi
950 3489 1011 3546 quot
1032 3468 1107 3526 radit
1128 3469 1169 3527 ris
1193 3488 1272 3546 aquae
1292 3489 1404 3546 perma-

202 3567 283 3627 iiium
306 3571 359 3638 τήν
386 3567 556 3649 καθύπερθεν
577 3567 695 3644 dictum)
715 3587 776 3627 esse
828 3577 909 3623 naret
926 3581 955 3623 et
975 3567 1106 3623 interiora
1124 3576 1324 3640 corrumperet.
1367 3565 1400 3622 In

203 3667 311 3726 statuit.
363 3665 492 3723 Alterum
520 3684 586 3740 ergo
612 3666 648 3721 ad
672 3665 776 3722 tribum
825 3664 1007 3740 compagibus
1033 3661 1189 3738 tegularum
1218 3661 1344 3718 finitimis
1371 3661 1399 3718 in

203 3763 342 3831 Attalida,
372 3762 490 3821 aiterum
522 3764 557 3820 ad
590 3763 777 3822 Erechtheida
826 3761 924 3818 eodem
944 3759 1101 3836 tegularum
1120 3759 1214 3816 ordine
1227 3759 1297 3832 (sive
1316 3755 1399 3815 choro
1506 3841 1510 3848 ¹

203 3863 378 3922 referendum
401 3877 480 3938 putat
500 3865 644 3922 Corsinus.
826 3859 864 3918 ci.
906 3857 1037 3916 Schneid.
1076 3843 1200 3914 ad'vit.
1230 3856 1268 3914 11.
1299 3862 1327 3914 8.
1361 3861 1401 3930 5.)

243 3962 458 4044 'dviqpadan
490 3959 691 4040 “dvoppo'tpnv
713 3977 775 4034 pro-
826 3959 932 4016 sactum
957 3964 999 4014 est
1024 3957 1096 4034 quod
1130 3954 1282 4012 Architecti
1312 3951 1400 4029 Angli

203 4066 261 4142 prie
282 4065 316 4122 de
333 4064 367 4121 iis
389 4063 468 4119 rebus
489 4059 588 4117 dicitur
606 4077 667 4134 quae
687 4055 777 4114 solen·
826 4054 969 4132 appeliant
981 4054 1119 4131 soddIing‚
1141 4053 1160 4114 i.
1180 4071 1206 4110 e.
1226 4071 1262 4108 ex
1282 4059 1401 4128 utroque

204 4161 275 4218 niter
289 4159 488 4227 describuntur,
508 4165 537 4213 ct
554 4155 583 4211 in
605 4151 715 4211 tabulas
733 4170 776 4208 re·
825 4149 912 4209 latere
930 4149 1100 4225 crepidinem
1114 4167 1198 4223 sopra
1221 4145 1400 4222 superficiem

203 4253 353 4313 teruntur.”
408 4249 517 4310 Sluiter.
560 4249 628 4306 Lex.
668 4247 776 4306 Andoc.
827 4249 976 4306 marmoris
1012 4247 1144 4324 reliquere
1179 4245 1323 4304 architecti
1359 4245 1401 4304 ita

207 4361 277 4414 201.
299 4351 381 4410 itain
393 4351 478 4408 inser.
491 4347 528 4407 V.
540 4343 778 4427 ἀναγραψάντων
827 4357 859 4405 ut
884 4345 908 4405 si
935 4345 1029 4424 aliqua
1069 4344 1166 4422 pluvia
1202 4345 1253 4402 sub
1285 4363 1401 4420 opercu-

199 4449 348 4530 ἐνστήλῃ.
371 4449 408 4506 Et
422 4446 522 4524 ubique
530 4447 557 4503 in
572 4439 647 4503 tabb'.
659 4441 774 4501 Heracl.
826 4441 902 4501 lariis
919 4441 975 4500 iilis
996 4441 1096 4520 tegulis
1117 4441 1165 4514 (ci.
1187 4439 1261 4499 iufra
1281 4449 1338 4499 not.
1362 4441 1398 4498 ad

207 4547 231 4604 i.
255 4545 335 4620 (trag.
359 4545 443 4624 Brit.)
468 4544 487 4604 l.
511 4549 538 4600 8.
563 4541 600 4601 ii.
629 4540 648 4598 l.
672 4537 700 4599 6.
730 4537 775 4598 ubi
826 4539 845 4597 i.
882 4543 943 4614 22.)
971 4537 1068 4614 quibus
1100 4535 1399 4612 semperteguiarurn

207 4641 374 4700 Mazochius
388 4641 474 4700 reddit
495 4648 513 4721 ‘.‘
525 4639 558 4698 ln
572 4648 636 4699 acta
650 4629 778 4699 reserreJ‘
825 4637 1026 4698 continentium
1038 4655 1188 4714 compages
1196 4637 1315 4697 finitima
1326 4645 1401 4710 tege·
