3158 5104
4 4307 11 4350 t

165 428 297 494 Inscn.
319 420 394 497 VI]
735 427 802 488 12³

268 785 273 792 ,
350 679 503 762 coss.
531 674 624 759 III.
669 675 796 758 Sucr.
823 675 863 759 I.
909 674 1063 758 Inscn.
1089 675 1168 762 VI.

269 918 660 995 thctuP'rlo
712 914 1202 996 CHOISEULIANA
1237 920 1269 995 1.

653 1115 745 1176 ΤΑΒ.
767 1115 885 1175 XVIII.

686 1297 848 1337 ,4,-
934 1303 937 1310 .

170 1458 375 1528 Burthelemi.
392 1457 495 1524 Mero.
511 1459 551 1522 de
566 1456 689 1522 I’Acad.
705 1457 760 1524 des
777 1456 876 1522 Inscr.
894 1456 991 1524 Toru.
1010 1478 1145 1524 xnvrrr.
1163 1485 1198 1548 p.
1215 1469 1371 1536 sur-407.

197 1579 319 1645 Biichh.
337 1579 416 1642 iiber
432 1574 483 1640 die
499 1569 794 1658 Stnathaushsltung
810 1574 865 1638 der
884 1571 1037 1638 Atheuer.
1072 1577 1144 1679 de.
1161 1574 1207 1642 II.
1226 1579 1260 1644 S.
1275 1581 1347 1646 161.

246 1753 428 1840 Arsanus
476 1751 546 1838 hoc
588 1747 744 1837 maruror
784 1741 967 1858 repertum
1018 1739 1071 1839 vir
1115 1739 1371 1840 celeberrimus

172 1900 306 1974 comes
335 1885 381 1968 «ιε’
406 1885 758 1968 choiseul-noune
790 1893 836 1966 A.
854 1893 894 1966 S.
926 1905 1021 1984 17s9
1057 1871 1374 1972 auterannus.

173 2033 271 2108 Fusa
285 2034 331 2106 de
347 2027 392 2104 eo
416 2029 492 2128 egit
510 2029 549 2106 J.
569 2027 609 2102 J.
631 2025 899 2101 Barthelenrius
919 2036 957 2099 et
974 2050 1091 2123 nuper
1111 1999 1249 2142 eunicus
1272 2051 1373 2102 meus
1427 2051 1430 2058 ⁴

173 2153 361 2261 Angustus
389 2157 528 2233 Biichh.
581 2158 655 2230 Sed
681 2155 842 2255 graviter
864 2156 903 2226 in
927 2155 983 2228 his
1006 2155 1229 2250 explicandis
1252 2155 1374 2252 lapsus

176 2305 232 2370 est
254 2291 531 2376 Burthelcmius,
559 2289 732 2388 quodque
749 2289 837 2387 jure
860 2285 1008 2370 mireris,
1031 2287 1194 2384 quamvis
1219 2310 1375 2360 marmor

176 2432 255 2529 ipse
281 2430 492 2530 inspexerit,
524 2428 572 2502 ab
598 2438 753 2524 utroque
779 2425 892 2499 latere
919 2450 1000 2500 esse
1027 2425 1245 2528 insculptum
1276 2427 1375 2500 haud

172 2560 358 2636 intellexit.
413 2561 507 2653 Quae
537 2584 594 2632 res
627 2557 791 2633 Biickhio
826 2559 922 2632 hund
949 2557 1037 2633 vitio
1064 2560 1252 2650 vertenda,
1289 2583 1373 2635 cum

171 2697 221 2772 itti
264 2721 419 2770 marmor
459 2695 639 2791 inspicere
678 2717 865 2791 nunquam
907 2693 1113 2794 contigerit.
1177 2695 1222 2770 ln
1258 2695 1374 2772 altero

171 2831 287 2904 latere
321 2831 402 2904 duae
437 2829 585 2928 quidem
619 2827 874 2923 inscriptiones
909 2836 1004 2932 sunt,
1041 2849 1193 2928 quorum
1224 2827 1373 2902 alterum
1424 2891 1431 2903 .

172 2959 257 3036 c'um
289 2961 451 3062 ejusdem
487 2960 603 3036 aetatis
637 2983 681 3034 ac
717 2971 838 3031 nostra
876 2957 923 3030 rit
961 2981 1078 3054 nuper
1110 2959 1191 3056 ipse
1225 2958 1375 3034 Parisiis
1465 3065 1466 3068 Ἴ

172 3092 367 3190 exscripsi¹
380 3122 390 3180 ;
418 3092 529 3168 ultera
551 3091 733 3166 recentior
755 3102 822 3179 est,
849 3115 933 3164 cunr
956 3088 994 3162 in
1016 3113 1060 3162 ea
1084 3089 1207 3190 longae
1230 3092 1375 3168 vocales

172 3239 409 3328 usurpentur.
463 3229 665 3328 Inscriptio,
702 3252 811 3326 quarn
846 3251 945 3302 nunc
979 3227 1176 3328 tangimus,
1210 3227 1376 3305 recensio

174 3377 230 3439 est
268 3367 433 3462 pecuniae
470 3391 492 3440 e
526 3367 706 3472 thesauris
743 3365 937 3452 Minervae,
973 3363 1011 3436 in
1040 3365 1158 3442 varios
1195 3392 1292 3460 usus,
1330 3391 1376 3445 cx

172 3499 389 3575 auctoritate
411 3499 604 3597 plebisciti,
625 3501 800 3574 archonte
816 3498 1033 3598 Glaucippo,
1056 3500 1206 3577 haustae.
1259 3503 1375 3577 Glau-

173 3632 303 3728 cippus
325 3642 447 3704 outcm
468 3633 616 3706 Archon
638 3645 716 3706 erat
736 3633 881 3730 Olymp.
897 3631 1057 3722 xclls.
1076 3645 1125 3721 et,
1143 3647 1184 3708 ut
1200 3627 1375 3710 Corsinus

174 3758 351 3847 notavit²,
384 3781 407 3830 a
438 3758 637 3847 Diodoro³,
672 3753 802 3856 Lysia*
831 3769 871 3833 et
902 3759 1107 3861 Dionysio*
1145 3774 1373 3838 memoratur.

176 3887 306 3986 Lysias
345 3889 491 3986 quidem
537 3892 671 3964 diserte
709 3900 859 3964 testatur
892 3891 930 3965 in
966 3892 1158 3990 Glaucippi
1191 3893 1375 3971 archontis

175 4043 311 4096 anuum
357 4020 606 4096 Panathenaeo
646 4019 788 4122 Magna
831 4023 1010 4109 incidisse,
1052 4024 1150 4120 quod
1189 4048 1211 4098 a
1250 4035 1374 4102 nostro

178 4175 357 4225 marmore
397 4149 643 4226 confirmatur.
709 4153 767 4227 Ibi
808 4157 917 4244 eninr,
938 4168 995 4228 -ut
1036 4181 1119 4230 mox
1159 4155 1374 4242 videbimur,

219 4345 229 4376 ¹
251 4337 478 4410 cn'rnrmnscr.
492 4331 590 4411 cnon,
604 4351 644 4408 rr.
842 4355 855 4388 ⁸
874 4351 992 4412 nroror.
1010 4353 1273 4415 Lib.X111.c.4³.

218 4443 231 4475 ¹
252 4435 369 4508 Cornus
389 4445 419 4504 1².
447 4448 487 4503 Α.
513 4444 597 4503 Tum.
620 4431 668 4506 11.'
842 4445 853 4477 ⁴
875 4445 945 4534 Irys.
960 4446 1045 4523 Apol.
1059 4448 1171 4528 Aspoh.
1206 4449 1289 4508 Orat.
1304 4451 1372 4512 XX.

179 4561 208 4620 p.
225 4545 294 4602 254.
826 4544 855 4576 '⁸
875 4541 995 4618 Dionys.
1008 4543 1037 4602 iu
1051 4541 1145 4616 Lycia.
