3188 5102
825 376 896 434 ³28
1222 373 1368 458 [Ceres.
1396 377 1451 439 Vl.

329 535 413 612 dem
439 537 734 610 Grubbisicbium
761 539 970 625 audianum

304 669 442 742 l'lardrmv
468 669 687 740 s'nrrrdoovrunt
709 667 838 750 decorant
866 701 909 740 το
935 666 1039 744 donor
1066 703 1130 753 πη.
1147 673 1222 750 ,ἔμε
1248 672 1386 754 dranis«

302 795 369 858 Μοι
397 790 427 856 τ’
455 787 502 882 op'
530 789 752 866 ἑπευκιωμενοι
780 819 821 857 το
847 798 975 858 revela
1002 787 1034 858 ἑν
1060 819 1171 881 μετρῳ
1198 822 1294 858 nour.

249 925 425 988 Puerorum
453 924 631 988 saltantium
661 925 798 988 sustineo
825 925 903 988 hanc
931 925 1150 1006 defatigantem
1171 948 1227 986 nie
1254 927 1397 988 choream

249 1038 393 1124 Mihique
414 1038 546 1122 pedibus
565 1043 644 1102 bene
660 1041 892 1122 obstrepentem
908 1037 1026 1122 perfeci
1044 1041 1082 1100 ad
1098 1061 1236 1102 normam
1252 1038 1341 1102 metri
1357 1040 1445 1101 dans.

323 1159 472 1232 Nullam
514 1159 648 1233 scilicet
692 1173 849 1233 veterem
892 1159 1178 1254 inscriptionem,
1220 1169 1259 1231 ut
1290 1159 1443 1238 videtur.

249 1289 334 1361 boni
364 1291 420 1363 isti
448 1291 662 1362 chnettius
694 1301 730 1362 et
756 1288 1037 1362 Grubbisicbius
1068 1285 1244 1376 viderant,
1274 1289 1439 1384 antiquas

248 1431 346 1492 certe
373 1422 492 1493 literas
519 1421 642 1517 legere
670 1446 739 1492 non
764 1431 927 1515 potuere.

324 1544 472 1630 Melius,
501 1547 564 1617 sed
590 1546 766 1616 adfinem
795 1546 887 1617 mn'le
911 1547 1100 1619 Corsinius
1113 1577 1122 1633 ;

326 1748 331 1760 ,
369 1686 459 1749 .Παῖ
486 1680 566 1749 Arde
591 1679 772 1776 Ἐκφάντοι
799 1677 888 1772 δέξαι
912 1676 983 1751 τόδ’
1007 1682 1156 1779 ἀμεμφὲς
1182 1679 1326 1774 ἅγαλιια

391 1797 447 1865 Σοὶ
473 1796 546 1890 'ydp
570 1795 793 1891 ἐπευχόμενος
817 1796 879 1868 τόν
905 1829 945 1866 τε
967 1793 1116 1870 τέλεσσε
1143 1798 1284 1894 τροφόν.

299 1928 356 1992 Fili
380 1927 468 1992 Jovis
495 1929 620 2013 suscipe
645 1930 686 1994 ob
715 1929 878 2014 Erpltnnto
905 1932 964 1994 boc
991 1930 1257 2015 irreprehensibile
1284 1955 1406 2002 munus.

297 2037 373 2104 Tibi
399 2040 480 2104 eninr
507 2040 686 2124 supplicans
714 2053 801 2106 tuum
828 2043 958 2108 absolsit
983 2044 1178 2112 nutritorem.

322 2165 414 2238 Haec
446 2166 555 2236 verbs
589 2166 634 2236 sd
666 2166 767 2237 busin
804 2176 932 2238 stetuae
967 2165 1078 2254 Sileni
1115 2168 1262 2256 Boccho
1293 2180 1438 2242 sacrate

249 2304 285 2365 et
319 2293 365 2364 ab
411 2291 615 2387 Ecphsnto.
650 2292 816 2364 confictu
864 2293 995 2388 scripte
1045 2304 1083 2364 et
1126 2295 1183 2366 Ol.
1223 2321 1281 2368 ux.
1328 2295 1441 2390 posite
1562 2387 1563 2394 ἵ

248 2449 326 2497 esse
353 2433 466 2518 putet.
508 2421 646 2494 Contra
679 2420 826 2494 clamat¹
865 2423 1046 2495 Xevierus
1078 2423 1440 2520 Mattbaei.quinec
1562 2477 1563 2492 ,

247 2547 408 2626 Homero
426 2575 494 2623 nec
508 2550 673 2624 Hesiodo
692 2551 747 2625 vel
770 2551 954 2622 Bacchum
974 2553 1031 2624 vel
1046 2551 1207 2624 Silenum
1222 2565 1346 2624 notum
1365 2577 1441 2626 esse

246 2686 360 2755 docet.
404 2682 510 2771 Quod
532 2707 656 2756 verum
683 2657 755 2770 est,¹
775 2683 938 2778 quumvis
966 2683 1167 2756 Homerum
1200 2683 1352 2781 Bingius
1378 2687 1437 2756 nd-

245 2823 371 2896 vocam
398 2836 480 2906 quae
499 2813 595 2886 enim
614 2816 766 2887 advocet
780 2813 1017 2909 proculdubio
1037 2814 1186 2886 insititio
1202 2826 1298 2886 sunt.
1340 2817 1434 2888 ldem

246 2942 450 3014 Cominium
487 2942 632 3036 suscipe
661 2945 705 3015 ob
744 2942 936 3038 Ecpdonto
970 2943 1187 3015 scribentem
1225 2945 1352 3016 merito
1386 2969 1438 3014 re·

245 3074 446 3169 prehendit,
471 3088 507 3146 et
534 3097 613 3144 cum
633 3075 787 3146 Perellio
806 3076 997 3172 Ἐκφάντου
1016 3073 1119 3172 legit,
1148 3097 1229 3146 cum
1249 3077 1328 3150 And·
1354 3100 1437 3147 con-

238 3206 415 3302 jungere,
455 3190 622 3301 quamvis
650 3207 706 3277 Ἐκ
741 3219 870 3304 pamm
906 3208 1044 3280 divisim
1082 3208 1213 3294 mallet,
1248 3223 1283 3279 et
1318 3223 1437 3304 postes

245 3339 338 3406 τοῦτ’
367 3336 528 3406 ἐτέλεσσε
548 3337 702 3432 Τρόφων.
745 3338 925 3432 Ἐκφᾶντοι
958 3361 1022 3429 pro
1050 3336 1240 3433 ’Ἐκφάντου
1267 3337 1437 3409 Doricum

242 3496 321 3545 esse
364 3473 471 3544 docet
510 3470 782 3557 Viuoisonusssj
812 3471 965 3544 Melium
1008 3470 1168 3542 Lanzius
1211 3475 1272 3567 qui
1316 3489 1437 3567 postes

242 3600 406 3697 chlpwv³
440 3598 539 3692 legit,
588 3611 624 3670 et
661 3611 812 3670 statuam
851 3601 1031 3694 Ecphnnti
1064 3623 1144 3670 esse
1179 3625 1200 3670 a
1238 3600 1437 3694 Grophonc

279 3805 287 3834 ¹
312 3805 413 3861 Exere.
443 3821 490 3876 per
520 3803 578 3858 Sat.
607 3822 633 3876 p.
663 3809 712 3868 47.
765 3803 811 3861 Cf.
863 3805 937 3861 enim
967 3805 1014 3871 ibi,
1044 3805 1115 3882 quod
1145 3803 1437 3864 obiter'monendum.

241 3899 360 3973 Knigbt.
383 3896 458 3955 Prol.
481 3897 514 3952 ad
542 3895 628 3954 Hom.
645 3914 712 3952 cvr.
864 3898 1043 3972 proculdubio
1051 3899 1200 3972 legendum
1212 3907 1265 3963 est,
1277 3917 1331 3954 non
1343 3908 1434 3955 autem

278 3995 289 4025 ¹
309 3992 397 4049 Horu.
416 3993 522 4067 Odyss.
539 3993 574 4050 Ω.
589 3999 638 4056 74.
667 3993 712 4050 Cf.
729 3993 810 4068 biugi
862 3991 1064 4050 TPOHHON
1082 3991 1223 4070 (Τροφόν)
1242 4005 1273 4048 ut
1289 4011 1432 4066 perperam

239 4087 266 4142 in
285 4087 361 4144 Diss.
376 4087 408 4142 de
419 4086 472 4142 boc
489 4105 564 4142 mon.
576 4089 599 4155 ἐ.
618 4085 664 4144 16.
862 4085 1095 4142 existimaverunt
1109 4085 1334 4159 prestantissimi
1354 4087 1394 4144 illi
1407 4100 1433 4143 et

283 4179 459 4238 ’Villoisom
499 4181 606 4236 Anecd.
651 4180 745 4240 Graer.
788 4181 810 4237 l.
861 4199 947 4256 supra
968 4199 1046 4238 meas
1071 4181 1166 4238 leudes
1190 4181 1273 4254 positi
1293 4183 1433 4238 duumviri

237 4295 264 4347 p.
294 4281 359 4332 120.
387 4275 433 4349 qui
459 4275 491 4328 de
515 4293 581 4332 voce
603 4277 628 4332 Τ
628 4274 726 4354 ρᾶφων
749 4277 808 4334 liaec
861 4275 940 4334 Cors.
964 4287 991 4333 et
1013 4276 1114 4336 Perell.
1156 4275 1250 4333 Multo
1275 4277 1368 4334 nsinus
1392 4295 1431 4334 ss-

234 4371 328 4426 habet.
859 4372 953 4430 sentiri
972 4391 1088 4447 possum
1107 4371 1296 4430 eruditissimo
1316 4371 1357 4430 illi
1374 4375 1432 4430 viro

260 4461 806 4537 ¹·'rP0nH0Npr0'1·r0onN;ita
859 4472 914 4543 qui,
947 4470 1094 4528 utilissimo
1122 4470 1258 4538 instituto,
1290 4470 1364 4525 Dsu.
1392 4487 1434 4526 se·
