<?xml version="1.0" encoding="UTF-8"?>
<!DOCTYPE html PUBLIC "-//W3C//DTD XHTML 1.0 Transitional//EN"
    "http://www.w3.org/TR/xhtml1/DTD/xhtml1-transitional.dtd">
<html xmlns="http://www.w3.org/1999/xhtml" xml:lang="en" lang="en">
 <head>
  <title>
</title>
<meta http-equiv="Content-Type" content="text/html;charset=utf-8" />
  <meta name='ocr-system' content='tesseract 3.04.00' />
  <meta name='ocr-capabilities' content='ocr_page ocr_carea ocr_par ocr_line ocrx_word'/>
</head>
<body>
  <div class='ocr_page' id='page_1' title='image "./inscriptionesgr00rosegoog_0100.png"; bbox 0 0 3204 5104; ppageno 0'>
   <div class='ocr_carea' id='block_1_1' title="bbox 598 383 1353 457">
    <p class='ocr_par' dir='ltr' id='par_1_1' title="bbox 598 383 1353 457">
     <span class='ocr_line' id='line_1_1' title="bbox 598 383 1353 457; baseline -0.007 0"><span class='ocrx_word' id='word_1_1' title='bbox 598 409 939 457; x_wconf 75' lang='lat' dir='ltr'>unouuuouuua.</span> <span class='ocrx_word' id='word_1_2' title='bbox 1256 383 1353 453; x_wconf 84' lang='lat' dir='ltr'>lxxiii</span> 
     </span>
    </p>
   </div>
   <div class='ocr_carea' id='block_1_2' title="bbox 170 570 1347 671">
    <p class='ocr_par' dir='ltr' id='par_1_2' title="bbox 170 570 1347 671">
     <span class='ocr_line' id='line_1_2' title="bbox 170 570 1347 671; baseline -0.005 -27"><span class='ocrx_word' id='word_1_3' title='bbox 170 573 280 671; x_wconf 84' lang='lat' dir='ltr'>agenti</span> <span class='ocrx_word' id='word_1_4' title='bbox 309 595 497 667; x_wconf 90' lang='lat' dir='ltr'>uunquam</span> <span class='ocrx_word' id='word_1_5' title='bbox 530 572 679 644; x_wconf 86' lang='lat' dir='ltr'>fortasse</span> <span class='ocrx_word' id='word_1_6' title='bbox 713 573 948 665; x_wconf 86' lang='lat' dir='ltr'>irrepsissent.</span> <span class='ocrx_word' id='word_1_7' title='bbox 1001 571 1124 642; x_wconf 88' lang='lat' dir='ltr'>Tuum</span> <span class='ocrx_word' id='word_1_8' title='bbox 1158 581 1223 654; x_wconf 84' lang='lat' dir='ltr'>est,</span> <span class='ocrx_word' id='word_1_9' title='bbox 1257 570 1286 638; x_wconf 90' lang='lat' dir='ltr'>si</span> <span class='ocrx_word' id='word_1_10' title='bbox 1310 570 1347 639; x_wconf 92' lang='lat' dir='ltr'>in</span> 
     </span>
    </p>
   </div>
   <div class='ocr_carea' id='block_1_3' title="bbox 171 700 1349 1670">
    <p class='ocr_par' dir='ltr' id='par_1_3' title="bbox 171 700 1349 1670">
     <span class='ocr_line' id='line_1_3' title="bbox 171 700 1349 798; baseline -0.003 -26"><span class='ocrx_word' id='word_1_11' title='bbox 171 703 330 776; x_wconf 87' lang='lat' dir='ltr'>similibus</span> <span class='ocrx_word' id='word_1_12' title='bbox 368 702 433 774; x_wconf 91' lang='lat' dir='ltr'>tibi</span> <span class='ocrx_word' id='word_1_13' title='bbox 464 703 516 774; x_wconf 89' lang='lat' dir='ltr'>vis</span> <span class='ocrx_word' id='word_1_14' title='bbox 551 702 706 798; x_wconf 84' lang='lat' dir='ltr'>ignosci,</span> <span class='ocrx_word' id='word_1_15' title='bbox 742 713 779 773; x_wconf 87' lang='lat' dir='ltr'>et</span> <span class='ocrx_word' id='word_1_16' title='bbox 824 702 943 797; x_wconf 87' lang='lat' dir='ltr'>operis</span> <span class='ocrx_word' id='word_1_17' title='bbox 979 700 1249 797; x_wconf 82' lang='lat' dir='ltr'>typographicis</span> <span class='ocrx_word' id='word_1_18' title='bbox 1284 723 1349 770; x_wconf 87' lang='lat' dir='ltr'>sua</span> 
     </span>
     <span class='ocr_line' id='line_1_4' title="bbox 171 831 1349 926; baseline -0.003 -24"><span class='ocrx_word' id='word_1_19' title='bbox 171 834 440 926; x_wconf 73' lang='grc' dir='ltr'>παρατυπῶματα</span> <span class='ocrx_word' id='word_1_20' title='bbox 482 842 519 904; x_wconf 80' lang='lat' dir='ltr'>el</span> <span class='ocrx_word' id='word_1_21' title='bbox 561 843 683 904; x_wconf 71' lang='lat' dir='ltr'>nostra</span> <span class='ocrx_word' id='word_1_22' title='bbox 717 832 822 904; x_wconf 84' lang='lat' dir='ltr'>nobis</span> <span class='ocrx_word' id='word_1_23' title='bbox 866 832 1091 925; x_wconf 77' lang='grc' dir='ltr'>παροράματα</span> <span class='ocrx_word' id='word_1_24' title='bbox 1133 831 1349 900; x_wconf 79' lang='lat' dir='ltr'>condonare.</span> 
     </span>
     <span class='ocr_line' id='line_1_5' title="bbox 171 956 1347 1053; baseline 0.001 -25"><span class='ocrx_word' id='word_1_25' title='bbox 171 956 298 1031; x_wconf 78' lang='lat' dir='ltr'>Durum</span> <span class='ocrx_word' id='word_1_26' title='bbox 332 972 369 1030; x_wconf 90' lang='lat' dir='ltr'>et</span> <span class='ocrx_word' id='word_1_27' title='bbox 411 959 568 1053; x_wconf 88' lang='lat' dir='ltr'>petimus</span> <span class='ocrx_word' id='word_1_28' title='bbox 603 960 757 1029; x_wconf 85' lang='lat' dir='ltr'>vicissim</span> <span class='ocrx_word' id='word_1_29' title='bbox 793 961 887 1030; x_wconf 85' lang='lat' dir='ltr'>hunc</span> <span class='ocrx_word' id='word_1_30' title='bbox 924 959 1064 1029; x_wconf 85' lang='lat' dir='ltr'>veniam</span> <span class='ocrx_word' id='word_1_31' title='bbox 1107 959 1168 1051; x_wconf 92' lang='lat' dir='ltr'>qui</span> <span class='ocrx_word' id='word_1_32' title='bbox 1212 959 1347 1053; x_wconf 87' lang='lat' dir='ltr'>aliquid</span> 
     </span>
     <span class='ocr_line' id='line_1_6' title="bbox 171 1084 1346 1180; baseline 0.006 -28"><span class='ocrx_word' id='word_1_33' title='bbox 171 1084 358 1172; x_wconf 84' lang='lat' dir='ltr'>scribimus,</span> <span class='ocrx_word' id='word_1_34' title='bbox 396 1097 433 1156; x_wconf 88' lang='lat' dir='ltr'>et</span> <span class='ocrx_word' id='word_1_35' title='bbox 479 1087 596 1157; x_wconf 87' lang='lat' dir='ltr'>studia</span> <span class='ocrx_word' id='word_1_36' title='bbox 644 1096 765 1160; x_wconf 85' lang='lat' dir='ltr'>nostm</span> <span class='ocrx_word' id='word_1_37' title='bbox 810 1086 844 1156; x_wconf 94' lang='lat' dir='ltr'>in</span> <span class='ocrx_word' id='word_1_38' title='bbox 889 1086 1070 1180; x_wconf 90' lang='lat' dir='ltr'>publicum</span> <span class='ocrx_word' id='word_1_39' title='bbox 1123 1086 1346 1178; x_wconf 83' lang='lat' dir='ltr'>proferimus.</span> 
     </span>
     <span class='ocr_line' id='line_1_7' title="bbox 172 1208 1349 1310; baseline 0.004 -31"><span class='ocrx_word' id='word_1_40' title='bbox 172 1208 222 1282; x_wconf 88' lang='lat' dir='ltr'>Sic</span> <span class='ocrx_word' id='word_1_41' title='bbox 252 1214 365 1310; x_wconf 86' lang='lat' dir='ltr'>igitur</span> <span class='ocrx_word' id='word_1_42' title='bbox 399 1213 589 1308; x_wconf 80' lang='grc' dir='ltr'>σφάλματα</span> <span class='ocrx_word' id='word_1_43' title='bbox 612 1237 694 1308; x_wconf 85' lang='lat' dir='ltr'>quoe</span> <span class='ocrx_word' id='word_1_44' title='bbox 730 1214 833 1285; x_wconf 91' lang='lat' dir='ltr'>nobis</span> <span class='ocrx_word' id='word_1_45' title='bbox 870 1213 962 1284; x_wconf 88' lang='lat' dir='ltr'>inter</span> <span class='ocrx_word' id='word_1_46' title='bbox 997 1213 1189 1308; x_wconf 87' lang='lat' dir='ltr'>legendum</span> <span class='ocrx_word' id='word_1_47' title='bbox 1224 1237 1349 1284; x_wconf 90' lang='lat' dir='ltr'>occur-</span> 
     </span>
     <span class='ocr_line' id='line_1_8' title="bbox 171 1340 1349 1438; baseline 0.005 -32"><span class='ocrx_word' id='word_1_48' title='bbox 171 1351 296 1425; x_wconf 88' lang='lat' dir='ltr'>rerunt,</span> <span class='ocrx_word' id='word_1_49' title='bbox 324 1340 495 1438; x_wconf 82' lang='lat' dir='ltr'>corriges,</span> <span class='ocrx_word' id='word_1_50' title='bbox 522 1341 660 1434; x_wconf 86' lang='lat' dir='ltr'>reliqua</span> <span class='ocrx_word' id='word_1_51' title='bbox 690 1343 720 1412; x_wconf 89' lang='lat' dir='ltr'>si</span> <span class='ocrx_word' id='word_1_52' title='bbox 749 1367 832 1438; x_wconf 85' lang='lat' dir='ltr'>quae</span> <span class='ocrx_word' id='word_1_53' title='bbox 866 1365 931 1412; x_wconf 91' lang='lat' dir='ltr'>nos</span> <span class='ocrx_word' id='word_1_54' title='bbox 963 1340 1133 1437; x_wconf 79' lang='lat' dir='ltr'>fugerint,</span> <span class='ocrx_word' id='word_1_55' title='bbox 1169 1352 1205 1410; x_wconf 87' lang='lat' dir='ltr'>et</span> <span class='ocrx_word' id='word_1_56' title='bbox 1239 1342 1349 1412; x_wconf 89' lang='lat' dir='ltr'>multa</span> 
     </span>
     <span class='ocr_line' id='line_1_9' title="bbox 171 1466 1348 1567; baseline 0 -27"><span class='ocrx_word' id='word_1_57' title='bbox 171 1466 297 1562; x_wconf 79' lang='lat' dir='ltr'>fugisse</span> <span class='ocrx_word' id='word_1_58' title='bbox 332 1493 403 1540; x_wconf 92' lang='lat' dir='ltr'>non</span> <span class='ocrx_word' id='word_1_59' title='bbox 435 1469 572 1551; x_wconf 93' lang='lat' dir='ltr'>dubito,</span> <span class='ocrx_word' id='word_1_60' title='bbox 602 1481 721 1564; x_wconf 85' lang='lat' dir='ltr'>perte</span> <span class='ocrx_word' id='word_1_61' title='bbox 748 1472 833 1564; x_wconf 89' lang='lat' dir='ltr'>ipse,</span> <span class='ocrx_word' id='word_1_62' title='bbox 855 1473 884 1542; x_wconf 89' lang='lat' dir='ltr'>si</span> <span class='ocrx_word' id='word_1_63' title='bbox 911 1471 1092 1567; x_wconf 89' lang='lat' dir='ltr'>benignus</span> <span class='ocrx_word' id='word_1_64' title='bbox 1117 1483 1153 1542; x_wconf 88' lang='lat' dir='ltr'>et</span> <span class='ocrx_word' id='word_1_65' title='bbox 1176 1471 1348 1544; x_wconf 89' lang='lat' dir='ltr'>candidus</span> 
     </span>
     <span class='ocr_line' id='line_1_10' title="bbox 171 1600 623 1670; baseline 0.007 -3"><span class='ocrx_word' id='word_1_66' title='bbox 171 1621 204 1668; x_wconf 87' lang='lat' dir='ltr'>es</span> <span class='ocrx_word' id='word_1_67' title='bbox 228 1601 445 1670; x_wconf 83' lang='lat' dir='ltr'>emendabis.</span> <span class='ocrx_word' id='word_1_68' title='bbox 499 1600 623 1670; x_wconf 85' lang='lat' dir='ltr'>Vele.&#39;&#39;</span> 
     </span>
    </p>
   </div>
   <div class='ocr_carea' id='block_1_4' title="bbox 233 1899 720 1980">
    <p class='ocr_par' dir='ltr' id='par_1_4' title="bbox 233 1899 720 1980">
     <span class='ocr_line' id='line_1_11' title="bbox 233 1899 720 1980; baseline -0.004 -18"><span class='ocrx_word' id='word_1_69' title='bbox 233 1899 316 1962; x_wconf 89' lang='lat' dir='ltr'>Dedi</span> <span class='ocrx_word' id='word_1_70' title='bbox 347 1900 395 1961; x_wconf 93' lang='lat' dir='ltr'>Id.</span> <span class='ocrx_word' id='word_1_71' title='bbox 411 1899 511 1980; x_wconf 82' lang='lat' dir='ltr'>April.</span> <span class='ocrx_word' id='word_1_72' title='bbox 541 1923 574 1962; x_wconf 78' lang='lat' dir='ltr'>A.</span> <span class='ocrx_word' id='word_1_73' title='bbox 587 1921 611 1960; x_wconf 77' lang='lat' dir='ltr'>a.</span> <span class='ocrx_word' id='word_1_74' title='bbox 628 1907 720 1963; x_wconf 77' lang='lat'>1824.</span> 
     </span>
    </p>
   </div>
   <div class='ocr_carea' id='block_1_5' title="bbox 170 2083 1364 2560">
    <p class='ocr_par' dir='ltr' id='par_1_5' title="bbox 170 2083 1364 2560">
     <span class='ocr_line' id='line_1_12' title="bbox 235 2083 1364 2170; baseline 0.001 -22"><span class='ocrx_word' id='word_1_75' title='bbox 235 2085 273 2148; x_wconf 89' lang='lat' dir='ltr'>P.</span> <span class='ocrx_word' id='word_1_76' title='bbox 283 2086 317 2150; x_wconf 92' lang='lat' dir='ltr'>S.</span> <span class='ocrx_word' id='word_1_77' title='bbox 373 2083 461 2146; x_wconf 90' lang='lat' dir='ltr'>Dum</span> <span class='ocrx_word' id='word_1_78' title='bbox 489 2083 575 2170; x_wconf 79' lang='lat' dir='ltr'>liber</span> <span class='ocrx_word' id='word_1_79' title='bbox 590 2085 691 2146; x_wconf 79' lang='lat' dir='ltr'>ndlruc</span> <span class='ocrx_word' id='word_1_80' title='bbox 711 2083 741 2144; x_wconf 91' lang='lat' dir='ltr'>iu</span> <span class='ocrx_word' id='word_1_81' title='bbox 772 2085 859 2166; x_wconf 87' lang='lat' dir='ltr'>prelo</span> <span class='ocrx_word' id='word_1_82' title='bbox 884 2097 1061 2158; x_wconf 84' lang='lat' dir='ltr'>versaretur,</span> <span class='ocrx_word' id='word_1_83' title='bbox 1089 2086 1246 2149; x_wconf 80' lang='lat' dir='ltr'>Dobraeus</span> <span class='ocrx_word' id='word_1_84' title='bbox 1269 2110 1364 2169; x_wconf 83' lang='lat' dir='ltr'>opo-¹</span> 
     </span>
     <span class='ocr_line' id='line_1_13' title="bbox 170 2179 1348 2265; baseline 0.001 -22"><span class='ocrx_word' id='word_1_85' title='bbox 170 2183 276 2265; x_wconf 74' lang='lat' dir='ltr'>grapho</span> <span class='ocrx_word' id='word_1_86' title='bbox 302 2204 492 2244; x_wconf 81' lang='lat' dir='ltr'>marmorum</span> <span class='ocrx_word' id='word_1_87' title='bbox 517 2180 548 2242; x_wconf 93' lang='lat' dir='ltr'>in</span> <span class='ocrx_word' id='word_1_88' title='bbox 573 2179 707 2264; x_wconf 83' lang='lat' dir='ltr'>Collegii</span> <span class='ocrx_word' id='word_1_89' title='bbox 734 2179 769 2240; x_wconf 88' lang='lat' dir='ltr'>S.</span> <span class='ocrx_word' id='word_1_90' title='bbox 789 2180 822 2240; x_wconf 87' lang='lat' dir='ltr'>S.</span> <span class='ocrx_word' id='word_1_91' title='bbox 843 2180 932 2244; x_wconf 85' lang='lat' dir='ltr'>Tria.</span> <span class='ocrx_word' id='word_1_92' title='bbox 960 2181 1148 2244; x_wconf 81' lang='lat' dir='ltr'>bibliotheca</span> <span class='ocrx_word' id='word_1_93' title='bbox 1179 2182 1348 2244; x_wconf 83' lang='lat' dir='ltr'>extantium</span> 
     </span>
     <span class='ocr_line' id='line_1_14' title="bbox 171 2275 1348 2361; baseline 0.001 -23"><span class='ocrx_word' id='word_1_94' title='bbox 171 2299 283 2342; x_wconf 82' lang='lat' dir='ltr'>mecum</span> <span class='ocrx_word' id='word_1_95' title='bbox 300 2275 562 2356; x_wconf 79' lang='lat' dir='ltr'>cotnmuuicuvit;</span> <span class='ocrx_word' id='word_1_96' title='bbox 594 2291 625 2340; x_wconf 89' lang='lat' dir='ltr'>et</span> <span class='ocrx_word' id='word_1_97' title='bbox 641 2277 871 2338; x_wconf 85' lang='lat' dir='ltr'>observationes</span> <span class='ocrx_word' id='word_1_98' title='bbox 899 2300 1013 2358; x_wconf 82' lang='lat' dir='ltr'>pancas</span> <span class='ocrx_word' id='word_1_99' title='bbox 1031 2295 1061 2340; x_wconf 84' lang='lat' dir='ltr'>nt</span> <span class='ocrx_word' id='word_1_100' title='bbox 1083 2278 1348 2361; x_wconf 82' lang='lat' dir='ltr'>praestantissimas</span> 
     </span>
     <span class='ocr_line' id='line_1_15' title="bbox 171 2369 1347 2460; baseline 0.002 -24"><span class='ocrx_word' id='word_1_101' title='bbox 171 2375 283 2460; x_wconf 78' lang='lat' dir='ltr'>adjerit.</span> <span class='ocrx_word' id='word_1_102' title='bbox 337 2376 416 2440; x_wconf 83' lang='lat' dir='ltr'>Haec</span> <span class='ocrx_word' id='word_1_103' title='bbox 435 2388 583 2459; x_wconf 86' lang='lat' dir='ltr'>quantum</span> <span class='ocrx_word' id='word_1_104' title='bbox 602 2397 672 2436; x_wconf 90' lang='lat' dir='ltr'>meo</span> <span class='ocrx_word' id='word_1_105' title='bbox 690 2373 796 2436; x_wconf 90' lang='lat' dir='ltr'>libello</span> <span class='ocrx_word' id='word_1_106' title='bbox 815 2369 985 2455; x_wconf 59' lang='lat' dir='ltr'>dignitatis}</span> <span class='ocrx_word' id='word_1_107' title='bbox 1014 2391 1161 2458; x_wconf 81' lang='lat' dir='ltr'>qunutrnn</span> <span class='ocrx_word' id='word_1_108' title='bbox 1181 2375 1347 2440; x_wconf 79' lang='lat' dir='ltr'>lectoribus</span> 
     </span>
     <span class='ocr_line' id='line_1_16' title="bbox 172 2471 929 2560; baseline 0 -28"><span class='ocrx_word' id='word_1_109' title='bbox 172 2471 297 2537; x_wconf 77' lang='lat' dir='ltr'>utilitatis</span> <span class='ocrx_word' id='word_1_110' title='bbox 310 2477 437 2538; x_wconf 82' lang='lat' dir='ltr'>allatura</span> <span class='ocrx_word' id='word_1_111' title='bbox 458 2472 528 2549; x_wconf 89' lang='lat' dir='ltr'>sint,</span> <span class='ocrx_word' id='word_1_112' title='bbox 556 2471 657 2534; x_wconf 86' lang='lat' dir='ltr'>dicere</span> <span class='ocrx_word' id='word_1_113' title='bbox 674 2472 754 2534; x_wconf 89' lang='lat' dir='ltr'>haud</span> <span class='ocrx_word' id='word_1_114' title='bbox 773 2495 853 2556; x_wconf 90' lang='lat' dir='ltr'>opus</span> <span class='ocrx_word' id='word_1_115' title='bbox 873 2485 929 2560; x_wconf 74' lang='lat' dir='ltr'>est.</span> 
     </span>
    </p>
   </div>
   <div class='ocr_carea' id='block_1_6' title="bbox 0 0 1610 5104">
    <p class='ocr_par' dir='ltr' id='par_1_6' title="bbox 0 0 1610 5104">
     <span class='ocr_line' id='line_1_17' title="bbox 0 0 1610 5104; baseline 0 0"><span class='ocrx_word' id='word_1_116' title='bbox 0 0 1610 5104; x_wconf 95' lang='lat' dir='ltr'> </span> 
     </span>
    </p>
   </div>
  </div>
 </body>
</html>
