3176 5094
590 411 932 466 raossnouaus.
1297 391 1369 463 xlix

162 561 322 650 mittunt,
347 585 447 636 nunc
469 565 652 642 omittunt.
709 569 803 642 iilud
825 596 874 644 sc.
892 572 929 644 in
955 573 1076 669 lapide
1095 571 1366 661 Choiseuiiano,

160 691 229 764 boc
266 693 306 766 iu
351 695 473 768 moitis
504 722 550 770 ex
588 699 794 796 Eigiuiauis
829 703 1066 775 marmoribus
1112 703 1240 776 eodem
1285 705 1365 778 fere
1458 781 1466 804 ‚

160 834 325 920 tempore
353 828 503 923 sculptis
519 828 604 903 iicet
631 831 895 904 animadvertas
910 821 933 904 ¹'.
989 831 1100 906 Haud
1130 857 1216 906 are
1232 834 1363 923 oberit,

160 950 187 1022 si
218 953 279 1025 hic
311 966 486 1049 puuctum
516 978 628 1030 uuum
665 959 703 1031 iu
737 961 853 1032 medio
882 961 1018 1034 circulo
1052 963 1240 1037 literarum
1266 973 1297 1036 Ο
1326 975 1367 1038 et·

166 1101 187 1166 φ
214 1083 252 1154 in
270 1085 530 1181 antiquissimis
556 1087 879 1185 inscriptionibus²
896 1090 1092 1186 aliquando
1113 1092 1202 1187 poni
1225 1100 1362 1165 notem.

159 1210 271 1310 Quod
300 1237 448 1311 quoque
475 1216 669 1290 Ecisbeiius
695 1219 732 1290 iu
763 1221 979 1313 pervetustis
1009 1220 1163 1293 nummis
1195 1223 1363 1296 observa·

159 1341 247 1415 vit³.

237 1474 282 1546 Iu
318 1500 495 1551 marmore
528 1483 684 1575 quodam
723 1491 803 1576 post
843 1482 1031 1556 Euclidem
1069 1485 1205 1579 scripto
1241 1483 1358 1578 (Mus.

159 1603 238 1677 Cat.
258 1605 334 1680 No.
353 1610 456 1700 233.)
477 1610 555 1682 brec
574 1621 711 1704 puncta
728 1635 856 1684 vocum
879 1614 1207 1690 abbreviandarum
1231 1639 1360 1690 caussa

159 1739 325 1833 usurpari
352 1739 467 1812 uideo.
520 1741 575 1812 Ita
601 1741 696 1812 euim
724 1742 772 1812 ibi
800 1743 988 1816 scribitur:

261 1883 478 1970 Καλλιμέδων
505 1888 762 1983 Καλλικράτους
786 1895 901 1962 Κολλι
927 1912 978 1962 sc.
1009 1893 1202 1968 Κολλυτοιλ·

261 2021 463 2105 Τελεσικλῆς
490 2023 640 2092 Καλλίου
663 2021 801 2117 Ἀροφτ
829 2045 877 2092 ec.
904 2022 1094 2121 iipuqbriruos

263 2147 502 2248 Κηφισοδώρου
527 2151 639 2235 Ἀθμο;
667 2174 716 2221 sc.
735 2151 920 2233 Άθμονέως.

161 2297 203 2369 ln
227 2299 299 2369 hoc
316 2319 493 2375 marmore
511 2297 645 2368 nulium
670 2297 827 2369 Romani
852 2299 1008 2370 nominis
1030 2299 1225 2398 vestigium
1249 2301 1358 2376 extat.

162 2429 293 2501 Postea
332 2453 427 2515 uero,
467 2442 506 2500 ut
541 2439 638 2500 necte
674 2427 883 2516 Maffeius⁴,
923 2435 981 2500 “a
1015 2431 1216 2504 Romanis⁶
1249 2434 1358 2532 hujus

161 2567 244 2632 usus
271 2561 499 2632 crebritatem
530 2559 717 2653 arripuere
747 2560 908 2647 Graeci,''
934 2583 1016 2632 cum
1039 2562 1230 2636 verborum
1251 2563 1357 2636 muti·

159 2688 312 2762 lotiones
346 2700 455 2760 autea
492 2711 572 2760 raro
613 2689 785 2760 iuducere
824 2689 1091 2763 consueuerint.
1160 2691 1356 2764 Verissime

160 2819 254 2890 euim
288 2818 383 2890 idem
416 2819 468 2890 vir
488 2815 754 2906 doctissimus&
797 2827 921 2892 “usus
955 2819 1195 2893 obtruncandi
1232 2823 1355 2912 verba',

159 2973 239 3022 cum
268 2973 342 3022 aera
371 2960 434 3020 aut
462 2971 638 3019 marmora
661 2948 812 3042 scalpris
835 2949 1133 3039 inscriberentur,
1160 2935 1355 3021 dictiones-

158 3101 228 3174 que
275 3078 333 3150 rel
378 3101 443 3171 per
482 3100 617 3171 paucas
660 3076 782 3149 literas
821 3078 1050 3175 significandi
1088 3077 1204 3176 magis
1245 3102 1354 3175 quam

157 3203 322 3292 Guneus,
348 3205 500 3279 Latinus
529 3216 595 3279 est.
650 3206 692 3278 Id
717 3207 825 3279 moris
851 3206 1119 3303 antiquissimos
1137 3205 1354 3282 Graecorum

156 3335 213 3408 vix
257 3313 438 3418 babuisse,
480 3337 671 3409 veterrima
717 3360 841 3408 eorum
889 3347 1123 3410 monumenta
1163 3346 1352 3411 testantur.

158 3463 296 3560 Neque
324 3463 523 3553 bominum,
550 3488 674 3561 neque
697 3467 857 3540 tribuum
883 3468 1032 3540 uomina
1059 3469 1198 3563 uspiam
1226 3470 1353 3542 decur-

196 3681 203 3711 ¹
227 3680 273 3736 De
295 3699 347 3737 usu
366 3680 593 3754 interpunctionis
607 3681 726 3756 autiquae
818 3677 829 3708 ⁸
850 3677 966 3735 Eckbel.
983 3679 1068 3737 Doct.
1084 3680 1124 3737 N.
1139 3678 1178 3734 V.
1194 3679 1218 3734 1.
1238 3677 1351 3756 Proleg.

158 3773 192 3832 cf.
210 3773 330 3832 Aristot.
346 3773 434 3832 uuor.
446 3792 502 3831 111.
521 3792 547 3831 c.
563 3777 592 3858 5¹.
606 3782 633 3830 et
651 3773 726 3830 Poet.
778 3792 863 3835 c.c1.

158 3886 181 3926 ο.
196 3875 244 3928 25.
287 3868 375 3926 Plura
400 3869 477 3925 dabit
501 3869 727 3926 Montfauconius
817 3871 828 3904 ⁴
848 3870 930 3926 Mau.
947 3870 1000 3927 Gr.
1020 3866 1090 3946 sigi.
1110 3869 1211 3944 Lepid.
1226 3870 1349 3946 (Veron.

159 3965 278 4043 Paleog.
302 3985 329 4041 p.
349 3971 398 4022 31.
441 3966 590 4024 Villoieon.
619 3965 726 4024 Anecd.
780 3965 885 4040 174⁵.)
927 3964 1042 4022 Proem.
1057 3982 1086 4037 p.
1100 3969 1148 4022 tl.

158 4057 206 4120 Gr.
221 4078 263 4117 rr.
277 4081 305 4136 p.
318 4065 386 4118 135.
397 4079 458 4136 sqq.
818 4060 830 4091 ³
851 4057 994 4132 Exempla
1025 4056 1127 4114 videsis
1155 4058 1230 4132 apud
1262 4059 1346 4134 Spou.

148 4163 155 4176 ‘
779 4151 867 4208 iuscr.
881 4149 979 4224 Antiq.
993 4148 1029 4206 ud
1044 4147 1114 4210 cate.
1130 4148 1196 4207 ltin.
1208 4150 1293 4208 Tom.
1309 4169 1347 4208 11.

191 4247 202 4278 ¹
223 4249 270 4307 Cf.
288 4248 384 4308 Class.
407 4264 446 4303 11.
463 4255 490 4312 7.
532 4246 561 4302 Si
582 4243 729 4303 Dodwellii
779 4263 806 4318 p.
824 4240 1079 4318 425.(ed.1678.)

154 4345 316 4420 apographo
330 4343 402 4398 fides
416 4341 546 4399 habenda
560 4341 598 4399 sit
614 4341 649 4399 ci.
663 4359 729 4416 quo·
817 4335 829 4370 ⁸
853 4337 933 4396 utar.
949 4337 1000 4395 Gr.
1017 4334 1087 4409 Sigl.
1112 4334 1212 4408 Lepid.
1235 4335 1346 4392 Proem.

154 4439 352 4512 qneClass.-r.
368 4443 397 4494 2.
430 4487 434 4500 ,
778 4453 805 4506 p.
823 4441 849 4492 l.

914 4550 942 4617 Β
