3218 5116
759 345 829 422 168
1180 355 1332 440 [Cusas.
1356 355 1423 422 lll.

219 539 385 641 singulis,
428 559 502 636 que
534 535 747 622 effecerunt,
780 544 822 606 ut
861 529 999 605 nullum
1038 529 1076 603 in
1108 532 1199 604 orbe
1241 544 1424 606 terramm

220 671 413 748 edificium
452 667 558 766 liujus
600 664 767 751 nitorem,
811 660 1041 761 elegantiam,
1088 661 1284 759 operisque
1327 685 1421 757 prar-

219 807 325 902 cipue
342 799 472 896 sculpti
494 796 730 872 subtilitatem
752 805 909 892 superet.
963 791 1047 892 Ego
1069 793 1155 864 dum
1173 793 1254 864 lriec
1273 792 1420 892 singule

217 952 429 1034 persequor,
468 928 505 1001 in
537 952 583 1002 ee
616 925 841 1024 potissimum
876 922 1049 998 versabor
1086 923 1322 1022 cogitatione,
1367 934 1415 1010 ut,

220 1066 307 1166 quid
355 1063 391 1136 in
431 1085 571 1162 genere
607 1058 734 1134 lonico
775 1056 908 1130 Atticis
941 1045 1126 1152 placuerit,
1160 1057 1248 1154 quid
1287 1057 1421 1142 minus,

219 1193 346 1270 sedulo
393 1201 684 1266 commonstrem.
741 1186 841 1262 Nem
878 1184 1056 1282 permulta
1092 1186 1139 1278 ab
1181 1185 1226 1261 iis
1251 1191 1420 1282 'apparet

219 1348 341 1423 neque
366 1332 505 1400 temere
532 1331 666 1396 mutata
686 1330 723 1394 et
746 1319 884 1394 rarista
905 1341 1007 1392 esse:
1036 1339 1246 1414 quenquam
1263 1316 1414 1390 Romam

194 1439 200 1458 ⁶
219 1473 257 1538 et
282 1460 367 1533 inde
391 1458 439 1530 nd
462 1466 604 1530 nostros
623 1453 841 1528 architectos
864 1475 909 1526 ee
931 1450 1046 1549 mugis
1073 1449 1202 1548 regula
1226 1461 1266 1522 et
1291 1471 1420 1522 norma

219 1595 371 1670 derecta
396 1601 463 1676 eet,
490 1612 572 1684 quae
597 1590 695 1684 upud
720 1588 872 1662 Grsecos
900 1586 1052 1660 Asianos
1078 1585 1325 1659 obtinuerat.”

227 1767 230 1774 ,
294 1732 319 1762 “
332 1723 497 1798 Ionicum
513 1720 770 1796 architectum
794 1746 913 1822 genus
929 1745 1011 1794 cum
1032 1744 1054 1792 e
1074 1719 1212 1794 Dorico
1229 1731 1421 1816 tantopere

221 1855 341 1939 distet,
368 1864 410 1925 ut
430 1875 478 1926 ex
500 1852 627 1926 eudem
652 1853 795 1950 origine
812 1863 1007 1952 utrumque
1031 1851 1244 1948 provenisse
1278 1875 1418 1949 negan-

221 1989 306 2060 dum
342 1985 400 2072 sit,
444 1984 597 2060 Ionibus
636 1987 779 2060 nonu'ni
813 1986 1027 2082 populorum
1064 1985 1164 2058 Asine
1201 1985 1421 2058 commercio

221 2116 390 2192 traditum
443 2140 522 2190 esse
570 2127 699 2213 potest,
747 2140 769 2188 e
819 2115 954 2213 quibus
1006 2137 1069 2186 eos
1116 2112 1201 2186 item
1250 2113 1417 2186 vestitum

221 2267 259 2332 et
303 2255 437 2330 rictum
483 2265 594 2348 atque
640 2275 786 2326 omnem
831 2251 910 2326 lere
958 2249 1120 2346 corporis
1160 2248 1297 2322 cultum
1342 2275 1420 2323 mu·

221 2396 341 2462 tuatos
403 2409 483 2458 esse
542 2391 694 2456 constat.
773 2383 974 2481 Insigniter
1027 2380 1195 2478 prolecto
1246 2382 1421 2456 architec-

221 2525 316 2598 tura,
353 2535 426 2608 qua
464 2532 572 2603 reges
613 2507 820 2581 Persarum
856 2510 1010 2582 menime
1048 2508 1086 2580 in
1121 2509 1298 2604 repulerrir
1328 2531 1424 2606 rupe

221 2635 354 2712 eurisis
382 2633 438 2706 usi
470 2609 631 2719 suntsin
659 2633 768 2708 rebus
795 2634 982 2730 permultis
1012 2661 1095 2708 cum
1126 2634 1267 2709 ratione
1297 2635 1423 2710 loniou

222 2763 445 2866 congruit¹.·
494 2767 616 2861 Atque
655 2766 970 2863 persuasissimum
1011 2771 1098 2843 mihi
1136 2769 1266 2856 habeo,
1311 2770 1422 2846 mului

222 2899 307 2976 olirn
333 2897 465 2972 aediun
498 2911 713 2972 ornamenta
742 2900 840 2994 apud
870 2899 995 2995 plures
1027 2901 1180 2998 populos
1214 2899 1316 2973 Asire
1350 2899 1421 2973 lre·¹

225 3042 401 3131 quentete
441 3029 566 3119 luisse,
607 3054 689 3128 quae
732 3057 843 3123 nunc,
882 3055 964 3108 cum
1002 3045 1123 3108 cetera
1160 3031 1421 3118 mterciderint‚

221 3173 259 3244 in
301 3169 459 3244 Persicis
502 3179 641 3242 tanturn
692 3181 730 3243 et
767 3169 902 3245 Ionicis
954 3173 1199 3246 monumentis
1245 3193 1420 3244 consensu

223 3303 374 3376 mirabili
425 3311 562 3374 extent.
634 3297 886 3374 Monumentis
941 3301 1009 3375 illis
1053 3327 1180 3400 regum
1228 3291 1420 3378 Persarum

221 3434 403 3510 simillime
449 3444 535 3508 sunt
588 3435 769 3530 sepulcrm,
823 3455 907 3528 quie
954 3434 1188 3530 Sntraperum
1236 3435 1421 3511 verissime

222 3567 416 3651 habentur,
471 3558 696 3638 Telmicmir:
757 3559 826 3633 nisi
876 3565 974 3661 quod
1022 3561 1196 3639 artificem
1251 3567 1419 3639 Graecum

221 3721 387 3770 normam
433 3695 618 3771 Persicam
659 3687 859 3770 imitantem
901 3700 1057 3794 prodere
1095 3698 1297 3774 videntur2.
1349 3699 1421 3774 Sed

263 3910 366 3970 ¹Hoc=
390 3924 499 3990 spectet
533 3915 569 3972 ad
603 3912 731 3989 sepulcre
764 3912 793 3970 in
839 3915 965 3989 pestium
984 3915 1129 3992 appellere
1149 3918 1236 3976 nostri
1255 3915 1353 3976 solent.

221 4019 317 4070 monte
337 4008 486 4069 Rechmed
506 4010 580 4087 apud
602 4006 795 4066 Tschiltuiner
885 4013 898 4046 ²
919 4016 978 4089 Ap.
996 4011 1133 4074 choiseul
1154 4013 1247 4072 Goutl.
1261 4011 1337 4088 Voy.
1357 4009 1422 4086 pitt.

220 4114 249 4166 et
263 4105 520 4166 Necshi-Rustam.
553 4105 592 4161 V.
606 4101 796 4162 modoCher·
845 4107 881 4165 T.
894 4106 918 4166 l.
941 4126 970 4181 p.
986 4113 1056 4170 118.
1077 4107 1117 4184 pl.
1129 4105 1181 4175 67.
1194 4125 1236 4183 sq.
1265 4105 1315 4178 (ci.
1330 4105 1421 4164 Hem·

221 4207 278 4264 din.
306 4205 404 4264 ltiner.
438 4205 477 4262 tb.
504 4201 555 4268 67.
612 4201 656 4258 De
691 4200 795 4260 Bruins
848 4221 920 4262 mer.
954 4203 1079 4281 Topogr.
1111 4203 1279 4264 Ansicltten.
1313 4221 1343 4277 p.
1372 4207 1420 4270 91.

223 4301 329 4360 Reiaen
357 4303 397 4361 tb.
428 4303 483 4358 15⁸
511 4317 556 4374 sq.
618 4298 797 4374 Conspicitur
848 4298 959 4358 Heeren
987 4299 1082 4358 ldeen.
1109 4298 1129 4358 i.
1151 4299 1175 4360 1.
1200 4294 1324 4374 pets.)
1366 4295 1420 4354 lm·
1489 4324 1496 4341 ·

222 4399 319 4452 suun
340 4411 396 4451 non
425 4401 534 4450 tentum
562 4389 719 4466 epistylium
745 4393 799 4450 tri-
848 4394 970 4471 positum
982 4399 1027 4452 est
1038 4391 1184 4470 festigium
1198 4394 1347 4464 Graecum,
1371 4389 1422 4452 sed

211 4486 303 4560 ,fidum
331 4495 359 4544 et
390 4487 588 4548 denticulorum
624 4489 711 4550 sectio
746 4490 796 4550 sed
847 4488 980 4552 denticuli
993 4489 1129 4567 megiaed
1142 4487 1422 4556 Persicummodum‚

223 4582 308 4642 etiam
332 4599 366 4640 ae
387 4583 537 4660 sciptura,
561 4602 645 4664 quem
668 4605 720 4646 ouo
743 4605 798 4645 ser·
848 4603 934 4663 quum
948 4584 1074 4646 lonicum
1088 4583 1156 4645 secti
1170 4593 1244 4642 sunt.
1279 4580 1418 4657 zophorus
