3188 5102
184 347 309 413 insen.
335 343 381 424 1.]
737 353 809 414 315

257 521 391 594 Omnia
424 544 507 617 quoe
534 523 570 594 in
600 523 669 593 hoe
696 545 870 594 marmore
899 533 1142 596 memorantur
1170 532 1252 600 ncta
1277 535 1370 613 sunt,

182 662 222 723 ut
255 651 293 722 in
327 652 418 724 facie
453 677 578 726 aversa
612 651 755 738 dicitur,
793 653 1014 729 Praetoribus
1048 653 1203 728 Athenis
1238 653 1372 739 Galles,

182 782 440 870 Chorisandro,
468 783 773 879 Hippodamante‚
802 783 1000 860 Socratide.
1054 785 1194 858 Callens
1219 797 1259 857 ut
1277 784 1372 858 vide-

182 924 241 986 tur
274 914 521 1010 magistratum
552 924 633 1010 post
667 915 818 987 Deliaca
848 917 928 988 iniit
958 940 1040 1011 quse
1075 930 1210 1013 postea,
1246 929 1373 1015 quarto

183 1045 326 1115 demum
342 1067 448 1129 anno,
469 1042 655 1115 Socratide
671 1046 858 1117 Archonte
876 1048 1057 1120 celebrata
1075 1060 1169 1120 sunt.
1223 1049 1374 1122 Deliaca

183 1199 233 1248 sc.
272 1174 518 1272 redintegrata
539 1185 622 1246 sunt
655 1177 881 1273 Olympiadis
910 1203 1097 1252 mxxviii.
1123 1205 1220 1252 anno
1250 1181 1371 1264 tertio;

185 1315 223 1376 et
257 1326 338 1374 cum
376 1314 505 1398 quarto
542 1303 670 1400 quovis
702 1329 799 1376 nuno
832 1306 1104 1379 celebrarentur
1144 1301 1179 1379 in
1219 1310 1373 1380 eundem

181 1455 316 1504 annum
355 1433 532 1528 cujusque
572 1431 796 1528 Olympiadis
832 1437 1033 1512 necessario
1071 1437 1242 1510 incidere.
1291 1435 1375 1506 lam

181 1561 264 1633 sutis
292 1568 391 1655 patet
414 1557 574 1630 Calleam
603 1560 826 1633 Archontem
852 1583 931 1631 csse
953 1586 1052 1633 anno
1072 1565 1122 1656 ξω
1154 1562 1377 1660 Olympiadis

182 1693 424 1766 centesimae¹.
477 1693 631 1766 Reditus
657 1716 731 1767 non
764 1693 981 1790 exhihentur
1015 1695 1081 1788 nisi
1113 1697 1159 1766 ud
1190 1695 1376 1790 Hippoda-

183 1833 303 1895 mnnta
332 1823 569 1912 Archontem,
597 1822 683 1918 quie
713 1823 849 1894 scilicet
874 1822 1026 1895 Deliaca
1054 1847 1152 1896 anno
1183 1833 1266 1917 post
1294 1846 1376 1894 eum

184 1951 393 2049 magistratu
426 1951 591 2022 functum
627 1949 844 2020 celebranda
874 1962 1004 2022 essent.
1049 1951 1252 2024 Socratides
1287 1976 1379 2050 ergo

185 2079 223 2151 in
249 2079 316 2149 hac
335 2085 436 2171 parte
456 2075 643 2146 marmoris
669 2077 765 2146 hnud
790 2088 1017 2148 memoratur.
1060 2077 1191 2150 Trium
1216 2080 1376 2174 priorum

184 2230 364 2282 annorum
400 2205 604 2277 Archontes
637 2213 748 2299 etque
788 2203 929 2288 scribae,
970 2206 1117 2278 minime
1155 2219 1275 2278 tomen
1314 2231 1379 2279 suo

186 2336 326 2422 ordine,
353 2346 391 2406 et
418 2343 543 2429 postea
561 2330 853 2427 Amphictyonas
873 2330 1114 2422 Athenienses
1132 2343 1378 2410 recensentur.

187 2466 304 2538 Acuie
341 2459 526 2534 Blickhlus
560 2455 650 2531 vidit
687 2457 798 2530 verba
831 2457 910 2528 ὅσον
946 2456 1065 2554 χρόνον
1096 2458 1234 2531 ἕκαστος
1275 2461 1381 2532 αὐτῶν

186 2593 289 2693 ἦρχεν
322 2601 518 2666 monstrare
556 2589 718 2687 singulos
757 2588 1038 2684 Amphictyonas
1070 2589 1221 2688 singulis
1263 2591 1379 2698 annis,

188 2723 285 2794 haud
310 2743 435 2794 omnes
461 2719 590 2794 eodem
617 2728 779 2812 tempore
804 2739 883 2798 esse
909 2717 1134 2802 constitutos.

263 2855 361 2927 Ante
392 2853 513 2924 omnin
541 2852 578 2922 in
611 2848 728 2940 lapide
758 2836 958 2919 cernuntur
988 2849 1102 2921 literae
1126 2861 1237 2935 Θ.Ε;
1274 2875 1382 2946 supra

188 2986 226 3058 in
246 2979 479 3075 inscriptione
505 2977 661 3072 quadam
686 2974 903 3075 Atheniensi
925 2977 1097 3078 hahemus
1120 2987 1235 3054 ΘΕΟΙ
1250 3039 1258 3054 .
1272 2989 1311 3054 Ε.
1324 3038 1331 3053 .
1346 3037 1374 3052 ..

188 3113 257 3186 His
289 3110 403 3182 literis
430 3129 537 3179 voces
562 3107 690 3178 'Eurota
721 3113 812 3177 Θεῶν
836 3106 986 3200 exprimi
1017 3109 1072 3180 vel
1100 3109 1248 3180 indicari
1276 3117 1382 3202 putu.

188 3242 241 3316 vit
267 3239 460 3336 Teylorus.
513 3235 713 3308 Corsinus’
740 3238 868 3308 multas
887 3239 1141 3334 explicationes
1166 3241 1305 3334 profert
1327 3241 1383 3312 in·

189 3385 246 3448 ter
261 3396 351 3468 ques
368 3374 448 3444 hanc
465 3369 720 3444 verisimillime
734 3367 877 3460 videtur
894 3376 1043 3448 ΘΕΟΙΣ
1062 3378 1384 3470 ΕΡΙΙΚΟΥΡΙΟΙΣ.

190 3505 355 3578 Marmor
371 3498 548 3600 στοιχηδὸν
566 3499 736 3574 scribitur
747 3528 756 3586 ;
783 3523 850 3571 nec
872 3499 905 3571 ei
926 3498 1074 3570 multum
1091 3499 1213 3570 nocuit
1233 3510 1383 3602 tempus.

191 3631 349 3705 Multum
369 3629 566 3728 diligentius
586 3627 621 3702 in
638 3625 797 3710 numeris
810 3626 1017 3722 supplendis
1034 3627 1165 3698 frustra
1183 3625 1382 3700 insumsere

190 3763 257 3837 viri
288 3763 419 3836 eruditi
451 3761 526 3858 qui,
562 3759 593 3831 si
625 3758 759 3854 aliquid
792 3757 1044 3853 profecissent,
1073 3780 1143 3856 ego
1177 3768 1275 3830 certe
1308 3781 1381 3830 non

232 3989 374 4056 ‘Corsin
403 3995 478 4050 Fut.
504 3993 565 4050 Att.
591 3989 674 4047 Tom.
702 4005 758 4046 111.
849 3986 992 4050 'Corsim
1027 3991 1055 4046 in
1090 3991 1201 4064 Proleg.
1238 3994 1272 4048 ad
1314 3991 1383 4049 Not.

192 4093 300 4162 psol.
812 4083 904 4140 Graec.
927 4103 954 4156 p.
973 4101 1076 4140 xvrrr.
