<?xml version="1.0" encoding="UTF-8"?>
<!DOCTYPE html PUBLIC "-//W3C//DTD XHTML 1.0 Transitional//EN"
    "http://www.w3.org/TR/xhtml1/DTD/xhtml1-transitional.dtd">
<html xmlns="http://www.w3.org/1999/xhtml" xml:lang="en" lang="en">
 <head>
  <title>
</title>
<meta http-equiv="Content-Type" content="text/html;charset=utf-8" />
  <meta name='ocr-system' content='tesseract 3.04.00' />
  <meta name='ocr-capabilities' content='ocr_page ocr_carea ocr_par ocr_line ocrx_word'/>
</head>
<body>
  <div class='ocr_page' id='page_1' title='image "./inscriptionesgr00rosegoog_0174.png"; bbox 0 0 3204 5104; ppageno 0'>
   <div class='ocr_carea' id='block_1_1' title="bbox 191 409 812 491">
    <p class='ocr_par' dir='ltr' id='par_1_1' title="bbox 191 409 812 491">
     <span class='ocr_line' id='line_1_1' title="bbox 191 409 812 491; baseline -0.006 -9"><span class='ocrx_word' id='word_1_1' title='bbox 191 415 316 482; x_wconf 75' lang='lat' dir='ltr'><strong>lusca.</strong></span> <span class='ocrx_word' id='word_1_2' title='bbox 340 409 404 491; x_wconf 82' lang='lat' dir='ltr'><strong>rt]</strong></span> <span class='ocrx_word' id='word_1_3' title='bbox 767 417 812 478; x_wconf 79' lang='lat'><strong>⁵5</strong></span> 
     </span>
    </p>
   </div>
   <div class='ocr_carea' id='block_1_2' title="bbox 103 587 1486 2546">
    <p class='ocr_par' dir='ltr' id='par_1_2' title="bbox 190 587 1486 1724">
     <span class='ocr_line' id='line_1_2' title="bbox 190 587 1486 689; baseline -0.005 -23"><span class='ocrx_word' id='word_1_4' title='bbox 190 591 269 666; x_wconf 91' lang='lat' dir='ltr'><strong>tur¹</strong></span> <span class='ocrx_word' id='word_1_5' title='bbox 293 587 600 677; x_wconf 71' lang='lat' dir='ltr'><strong>rectecenseret²,</strong></span> <span class='ocrx_word' id='word_1_6' title='bbox 625 590 780 688; x_wconf 77' lang='lat' dir='ltr'>pessime</span> <span class='ocrx_word' id='word_1_7' title='bbox 809 599 932 664; x_wconf 87' lang='lat' dir='ltr'><strong>autem</strong></span> <span class='ocrx_word' id='word_1_8' title='bbox 956 613 1075 688; x_wconf 84' lang='lat' dir='ltr'><strong>esque</strong></span> <span class='ocrx_word' id='word_1_9' title='bbox 1101 614 1173 689; x_wconf 89' lang='lat' dir='ltr'><strong>qus</strong></span> <span class='ocrx_word' id='word_1_10' title='bbox 1194 592 1285 668; x_wconf 88' lang='lat' dir='ltr'><strong>solet</strong></span> <span class='ocrx_word' id='word_1_11' title='bbox 1309 615 1388 666; x_wconf 87' lang='lat' dir='ltr'><strong>esse</strong></span> <span class='ocrx_word' id='word_1_12' title='bbox 1481 653 1486 660; x_wconf 82' lang='grc'><strong>,</strong></span> 
     </span>
     <span class='ocr_line' id='line_1_3' title="bbox 190 720 1387 824; baseline -0.004 -23"><span class='ocrx_word' id='word_1_13' title='bbox 190 727 410 816; x_wconf 82' lang='lat' dir='ltr'><strong>temeritate,</strong></span> <span class='ocrx_word' id='word_1_14' title='bbox 437 726 625 801; x_wconf 91' lang='lat' dir='ltr'><strong>marmoris</strong></span> <span class='ocrx_word' id='word_1_15' title='bbox 650 725 753 800; x_wconf 90' lang='lat' dir='ltr'><strong>incisi</strong></span> <span class='ocrx_word' id='word_1_16' title='bbox 784 723 895 798; x_wconf 84' lang='lat' dir='ltr'>nihilo</span> <span class='ocrx_word' id='word_1_17' title='bbox 921 723 1033 822; x_wconf 89' lang='lat' dir='ltr'><strong>pluris</strong></span> <span class='ocrx_word' id='word_1_18' title='bbox 1060 749 1166 824; x_wconf 89' lang='lat' dir='ltr'><strong>quam</strong></span> <span class='ocrx_word' id='word_1_19' title='bbox 1193 721 1276 798; x_wconf 82' lang='lat' dir='ltr'>libri</span> <span class='ocrx_word' id='word_1_20' title='bbox 1301 720 1387 796; x_wconf 89' lang='lat' dir='ltr'><strong>MS.</strong></span> 
     </span>
     <span class='ocr_line' id='line_1_4' title="bbox 190 855 1388 957; baseline -0.008 -19"><span class='ocrx_word' id='word_1_21' title='bbox 190 863 300 938; x_wconf 85' lang='lat' dir='ltr'><strong>iidem</strong></span> <span class='ocrx_word' id='word_1_22' title='bbox 326 861 523 951; x_wconf 75' lang='lat' dir='ltr'><strong>aestimans,</strong></span> <span class='ocrx_word' id='word_1_23' title='bbox 544 883 652 934; x_wconf 84' lang='lat' dir='ltr'><strong>rosea</strong></span> <span class='ocrx_word' id='word_1_24' title='bbox 669 859 688 932; x_wconf 84' lang='grc' dir='ltr'>ὁ</span> <span class='ocrx_word' id='word_1_25' title='bbox 705 891 747 932; x_wconf 72' lang='grc' dir='ltr'><strong>τε</strong></span> <span class='ocrx_word' id='word_1_26' title='bbox 762 867 848 932; x_wconf 86' lang='lat' dir='ltr'><strong>ante</strong></span> <span class='ocrx_word' id='word_1_27' title='bbox 868 855 995 957; x_wconf 67' lang='lat' dir='ltr'><strong>criptae</strong></span> <span class='ocrx_word' id='word_1_28' title='bbox 1020 857 1202 957; x_wconf 88' lang='lat' dir='ltr'><strong>interponi</strong></span> <span class='ocrx_word' id='word_1_29' title='bbox 1219 855 1388 957; x_wconf 87' lang='lat' dir='ltr'><strong>juberet)</strong></span> 
     </span>
     <span class='ocr_line' id='line_1_5' title="bbox 190 963 1390 1091; baseline -0.002 -25"><span class='ocrx_word' id='word_1_30' title='bbox 190 1003 293 1066; x_wconf 88' lang='lat' dir='ltr'><strong>certo</strong></span> <span class='ocrx_word' id='word_1_31' title='bbox 327 991 461 1066; x_wconf 85' lang='lat' dir='ltr'><strong>certius</strong></span> <span class='ocrx_word' id='word_1_32' title='bbox 479 1000 534 1065; x_wconf 84' lang='lat' dir='ltr'><strong>est</strong></span> <span class='ocrx_word' id='word_1_33' title='bbox 569 992 665 1066; x_wconf 89' lang='lat' dir='ltr'><strong>hanc</strong></span> <span class='ocrx_word' id='word_1_34' title='bbox 697 1014 822 1066; x_wconf 84' lang='lat' dir='ltr'><strong>vocem</strong></span> <span class='ocrx_word' id='word_1_35' title='bbox 852 1015 941 1086; x_wconf 86' lang='lat' dir='ltr'><strong>curn</strong></span> <span class='ocrx_word' id='word_1_36' title='bbox 975 991 1127 1066; x_wconf 89' lang='lat' dir='ltr'><strong>articulo</strong></span> <span class='ocrx_word' id='word_1_37' title='bbox 1153 963 1390 1091; x_wconf 43' lang='lat' dir='ltr'><strong>&#39;conjunctam</strong></span> 
     </span>
     <span class='ocr_line' id='line_1_6' title="bbox 190 1123 1391 1222; baseline -0.002 -22"><span class='ocrx_word' id='word_1_38' title='bbox 190 1126 291 1200; x_wconf 87' lang='lat' dir='ltr'><strong>haud</strong></span> <span class='ocrx_word' id='word_1_39' title='bbox 323 1124 400 1198; x_wconf 90' lang='lat' dir='ltr'><strong>aliu</strong></span> <span class='ocrx_word' id='word_1_40' title='bbox 437 1126 544 1199; x_wconf 89' lang='lat' dir='ltr'><strong>modo</strong></span> <span class='ocrx_word' id='word_1_41' title='bbox 577 1125 673 1222; x_wconf 88' lang='lat' dir='ltr'><strong>apud</strong></span> <span class='ocrx_word' id='word_1_42' title='bbox 708 1123 839 1198; x_wconf 87' lang='lat' dir='ltr'><strong>AEoles</strong></span> <span class='ocrx_word' id='word_1_43' title='bbox 882 1123 992 1197; x_wconf 80' lang='lat' dir='ltr'><strong>scribi</strong></span> <span class='ocrx_word' id='word_1_44' title='bbox 1034 1149 1154 1221; x_wconf 88' lang='lat' dir='ltr'><strong>posse.</strong></span> <span class='ocrx_word' id='word_1_45' title='bbox 1192 1125 1391 1199; x_wconf 82' lang='lat' dir='ltr'><strong>.Articulus</strong></span> 
     </span>
     <span class='ocr_line' id='line_1_7' title="bbox 192 1254 1391 1354; baseline -0.003 -23"><span class='ocrx_word' id='word_1_46' title='bbox 192 1255 291 1331; x_wconf 90' lang='lat' dir='ltr'><strong>enim</strong></span> <span class='ocrx_word' id='word_1_47' title='bbox 317 1254 356 1330; x_wconf 92' lang='lat' dir='ltr'><strong>in</strong></span> <span class='ocrx_word' id='word_1_48' title='bbox 374 1256 590 1354; x_wconf 76' lang='lat' dir='ltr'><strong>antiquioris</strong></span> <span class='ocrx_word' id='word_1_49' title='bbox 612 1267 709 1330; x_wconf 83' lang='lat' dir='ltr'><strong>notre</strong></span> <span class='ocrx_word' id='word_1_50' title='bbox 731 1256 969 1329; x_wconf 79' lang='lat' dir='ltr'>marmoribus</span> <span class='ocrx_word' id='word_1_51' title='bbox 986 1277 1052 1328; x_wconf 88' lang='lat' dir='ltr'><strong>sua</strong></span> <span class='ocrx_word' id='word_1_52' title='bbox 1071 1278 1151 1328; x_wconf 92' lang='lat' dir='ltr'><strong>cum</strong></span> <span class='ocrx_word' id='word_1_53' title='bbox 1171 1277 1259 1328; x_wconf 83' lang='lat' dir='ltr'><strong>rose</strong></span> <span class='ocrx_word' id='word_1_54' title='bbox 1273 1254 1391 1328; x_wconf 81' lang='lat' dir='ltr'><strong>cresin</strong></span> 
     </span>
     <span class='ocr_line' id='line_1_8' title="bbox 191 1381 1392 1486; baseline -0.001 -27"><span class='ocrx_word' id='word_1_55' title='bbox 191 1386 391 1486; x_wconf 73' lang='lat' dir='ltr'><strong>saepissime</strong></span> <span class='ocrx_word' id='word_1_56' title='bbox 409 1381 517 1462; x_wconf 84' lang='lat' dir='ltr'><strong>efficit</strong></span> <span class='ocrx_word' id='word_1_57' title='bbox 533 1388 584 1460; x_wconf 85' lang='lat' dir='ltr'><strong>ita</strong></span> <span class='ocrx_word' id='word_1_58' title='bbox 599 1397 639 1461; x_wconf 87' lang='lat' dir='ltr'><strong>nt</strong></span> <span class='ocrx_word' id='word_1_59' title='bbox 654 1388 673 1460; x_wconf 83' lang='grc' dir='ltr'>ὁ</span> <span class='ocrx_word' id='word_1_60' title='bbox 690 1383 829 1486; x_wconf 75' lang='grc' dir='ltr'><strong>ἀνδριας,</strong></span> <span class='ocrx_word' id='word_1_61' title='bbox 850 1383 1013 1484; x_wconf 71' lang='grc' dir='ltr'>Ηανδριας</span> <span class='ocrx_word' id='word_1_62' title='bbox 1030 1383 1240 1458; x_wconf 79' lang='lat' dir='ltr'><strong>scribatur³.</strong></span> <span class='ocrx_word' id='word_1_63' title='bbox 1268 1383 1392 1458; x_wconf 85' lang='lat' dir='ltr'><strong>AEoles</strong></span> 
     </span>
     <span class='ocr_line' id='line_1_9' title="bbox 191 1508 1391 1614; baseline -0.005 -24"><span class='ocrx_word' id='word_1_64' title='bbox 191 1525 317 1590; x_wconf 88' lang='lat' dir='ltr'><strong>autern</strong></span> <span class='ocrx_word' id='word_1_65' title='bbox 340 1516 532 1614; x_wconf 85' lang='lat' dir='ltr'><strong>aspiratam</strong></span> <span class='ocrx_word' id='word_1_66' title='bbox 557 1517 654 1590; x_wconf 90' lang='lat' dir='ltr'><strong>haud</strong></span> <span class='ocrx_word' id='word_1_67' title='bbox 680 1513 873 1613; x_wconf 71' lang='lat' dir='ltr'><strong>usurptsse</strong></span> <span class='ocrx_word' id='word_1_68' title='bbox 899 1515 1067 1589; x_wconf 90' lang='lat' dir='ltr'><strong>omnibus</strong></span> <span class='ocrx_word' id='word_1_69' title='bbox 1094 1523 1219 1586; x_wconf 87' lang='lat' dir='ltr'><strong>notum</strong></span> <span class='ocrx_word' id='word_1_70' title='bbox 1231 1517 1255 1584; x_wconf 88' lang='lat'><strong>⁴.</strong></span> <span class='ocrx_word' id='word_1_71' title='bbox 1305 1508 1391 1585; x_wconf 86' lang='lat' dir='ltr'><strong>Nec</strong></span> 
     </span>
     <span class='ocr_line' id='line_1_10' title="bbox 191 1645 1202 1724; baseline -0.001 -3"><span class='ocrx_word' id='word_1_72' title='bbox 191 1648 300 1721; x_wconf 87' lang='lat' dir='ltr'><strong>aliter</strong></span> <span class='ocrx_word' id='word_1_73' title='bbox 325 1646 403 1720; x_wconf 86' lang='lat' dir='ltr'><strong>viro</strong></span> <span class='ocrx_word' id='word_1_74' title='bbox 429 1647 637 1721; x_wconf 88' lang='lat' dir='ltr'><strong>doctissimo</strong></span> <span class='ocrx_word' id='word_1_75' title='bbox 663 1647 824 1722; x_wconf 71' lang='lat' dir='ltr'><strong>Thomas</strong></span> <span class='ocrx_word' id='word_1_76' title='bbox 851 1647 947 1724; x_wconf 88' lang='lat' dir='ltr'><strong>Kidd</strong></span> <span class='ocrx_word' id='word_1_77' title='bbox 973 1649 1087 1722; x_wconf 87' lang='lat' dir='ltr'><strong>visum</strong></span> <span class='ocrx_word' id='word_1_78' title='bbox 1114 1645 1202 1720; x_wconf 73' lang='lat' dir='ltr'><strong>est‘.</strong></span> 
     </span>
    </p>

    <p class='ocr_par' dir='ltr' id='par_1_3' title="bbox 103 1753 1394 2546">
     <span class='ocr_line' id='line_1_11' title="bbox 270 1753 1393 1879; baseline -0.004 -25"><span class='ocrx_word' id='word_1_79' title='bbox 270 1779 433 1854; x_wconf 82' lang='lat' dir='ltr'><strong>Dewesii</strong></span> <span class='ocrx_word' id='word_1_80' title='bbox 462 1780 734 1854; x_wconf 76' lang='lat' dir='ltr'><strong>emendationes</strong></span> <span class='ocrx_word' id='word_1_81' title='bbox 765 1753 898 1879; x_wconf 85' lang='lat' dir='ltr'><strong>quibus</strong></span> <span class='ocrx_word' id='word_1_82' title='bbox 931 1782 1010 1854; x_wconf 82' lang='lat' dir='ltr'><strong>haec</strong></span> <span class='ocrx_word' id='word_1_83' title='bbox 1043 1813 1173 1878; x_wconf 77' lang='grc' dir='ltr'>αμετρα</span> <span class='ocrx_word' id='word_1_84' title='bbox 1203 1777 1313 1854; x_wconf 87' lang='lat' dir='ltr'><strong>verba</strong></span> <span class='ocrx_word' id='word_1_85' title='bbox 1341 1777 1393 1850; x_wconf 87' lang='lat' dir='ltr'><strong>ad</strong></span> 
     </span>
     <span class='ocr_line' id='line_1_12' title="bbox 103 1911 1393 2012; baseline -0.005 -23"><span class='ocrx_word' id='word_1_86' title='bbox 103 1927 107 1934; x_wconf 86' lang='lat'>&#39;</span> <span class='ocrx_word' id='word_1_87' title='bbox 190 1913 385 1988; x_wconf 89' lang='lat' dir='ltr'><strong>Senarium</strong></span> <span class='ocrx_word' id='word_1_88' title='bbox 426 1911 627 1988; x_wconf 80' lang='lat' dir='ltr'><strong>lumbicum</strong></span> <span class='ocrx_word' id='word_1_89' title='bbox 670 1913 716 2008; x_wconf 85' lang='lat' dir='ltr'><strong>(si</strong></span> <span class='ocrx_word' id='word_1_90' title='bbox 755 1913 836 1987; x_wconf 89' lang='lat' dir='ltr'><strong>Diis</strong></span> <span class='ocrx_word' id='word_1_91' title='bbox 876 1914 1008 2012; x_wconf 87' lang='lat' dir='ltr'><strong>placet)</strong></span> <span class='ocrx_word' id='word_1_92' title='bbox 1045 1912 1135 1987; x_wconf 88' lang='lat' dir='ltr'><strong>mira</strong></span> <span class='ocrx_word' id='word_1_93' title='bbox 1168 1912 1323 2010; x_wconf 85' lang='lat' dir='ltr'><strong>quedam</strong></span> <span class='ocrx_word' id='word_1_94' title='bbox 1356 1911 1393 1986; x_wconf 86' lang='lat' dir='ltr'><strong>vi</strong></span> 
     </span>
     <span class='ocr_line' id='line_1_13' title="bbox 190 2049 1394 2154; baseline -0.007 -23"><span class='ocrx_word' id='word_1_95' title='bbox 190 2055 362 2154; x_wconf 82' lang='lat' dir='ltr'><strong>redigere</strong></span> <span class='ocrx_word' id='word_1_96' title='bbox 387 2063 539 2128; x_wconf 88' lang='lat' dir='ltr'><strong>conatus</strong></span> <span class='ocrx_word' id='word_1_97' title='bbox 561 2063 624 2138; x_wconf 86' lang='lat' dir='ltr'><strong>est,</strong></span> <span class='ocrx_word' id='word_1_98' title='bbox 651 2052 770 2128; x_wconf 88' lang='lat' dir='ltr'><strong>sciens</strong></span> <span class='ocrx_word' id='word_1_99' title='bbox 794 2053 919 2128; x_wconf 89' lang='lat' dir='ltr'><strong>volens</strong></span> <span class='ocrx_word' id='word_1_100' title='bbox 939 2063 1127 2149; x_wconf 78' lang='lat' dir='ltr'><strong>praetereo.</strong></span> <span class='ocrx_word' id='word_1_101' title='bbox 1180 2049 1394 2124; x_wconf 82' lang='lat' dir='ltr'><strong>Bentleius⁶</strong></span> 
     </span>
     <span class='ocr_line' id='line_1_14' title="bbox 193 2185 1394 2286; baseline -0.004 -23"><span class='ocrx_word' id='word_1_102' title='bbox 193 2187 340 2286; x_wconf 85' lang='lat' dir='ltr'><strong>quidem</strong></span> <span class='ocrx_word' id='word_1_103' title='bbox 371 2185 422 2258; x_wconf 92' lang='lat' dir='ltr'><strong>nil</strong></span> <span class='ocrx_word' id='word_1_104' title='bbox 446 2186 609 2274; x_wconf 82' lang='lat' dir='ltr'><strong>mutarit,</strong></span> <span class='ocrx_word' id='word_1_105' title='bbox 633 2187 744 2261; x_wconf 84' lang='lat' dir='ltr'><strong>verbe</strong></span> <span class='ocrx_word' id='word_1_106' title='bbox 769 2196 892 2260; x_wconf 88' lang='lat' dir='ltr'><strong>antem</strong></span> <span class='ocrx_word' id='word_1_107' title='bbox 916 2185 968 2258; x_wconf 86' lang='lat' dir='ltr'><strong>uti</strong></span> <span class='ocrx_word' id='word_1_108' title='bbox 993 2185 1029 2256; x_wconf 94' lang='lat' dir='ltr'><strong>in</strong></span> <span class='ocrx_word' id='word_1_109' title='bbox 1058 2205 1233 2259; x_wconf 88' lang='lat' dir='ltr'><strong>marmore</strong></span> <span class='ocrx_word' id='word_1_110' title='bbox 1260 2207 1394 2281; x_wconf 76' lang='lat' dir='ltr'><strong>reprcu-</strong></span> 
     </span>
     <span class='ocr_line' id='line_1_15' title="bbox 193 2315 1392 2418; baseline -0.004 -26"><span class='ocrx_word' id='word_1_111' title='bbox 193 2327 395 2406; x_wconf 84' lang='lat' dir='ltr'><strong>seutsntur,</strong></span> <span class='ocrx_word' id='word_1_112' title='bbox 416 2343 498 2391; x_wconf 93' lang='lat' dir='ltr'><strong>curn</strong></span> <span class='ocrx_word' id='word_1_113' title='bbox 527 2317 630 2393; x_wconf 88' lang='lat' dir='ltr'><strong>rnetri</strong></span> <span class='ocrx_word' id='word_1_114' title='bbox 649 2317 801 2393; x_wconf 81' lang='lat' dir='ltr'><strong>lambini</strong></span> <span class='ocrx_word' id='word_1_115' title='bbox 817 2317 919 2418; x_wconf 84' lang='lat' dir='ltr'><strong>leges</strong></span> <span class='ocrx_word' id='word_1_116' title='bbox 943 2327 1029 2392; x_wconf 88' lang='lat' dir='ltr'><strong>ante</strong></span> <span class='ocrx_word' id='word_1_117' title='bbox 1050 2315 1252 2391; x_wconf 90' lang='lat' dir='ltr'><strong>Porsouum</strong></span> <span class='ocrx_word' id='word_1_118' title='bbox 1272 2315 1392 2390; x_wconf 89' lang='lat' dir='ltr'><strong>minus</strong></span> 
     </span>
     <span class='ocr_line' id='line_1_16' title="bbox 193 2445 1392 2546; baseline -0.003 -22"><span class='ocrx_word' id='word_1_119' title='bbox 193 2459 290 2524; x_wconf 77' lang='lat' dir='ltr'><strong>note</strong></span> <span class='ocrx_word' id='word_1_120' title='bbox 325 2461 459 2537; x_wconf 86' lang='lat' dir='ltr'><strong>essent,</strong></span> <span class='ocrx_word' id='word_1_121' title='bbox 497 2472 622 2525; x_wconf 88' lang='lat' dir='ltr'><strong>verum</strong></span> <span class='ocrx_word' id='word_1_122' title='bbox 660 2448 852 2524; x_wconf 87' lang='lat' dir='ltr'><strong>Sennrium</strong></span> <span class='ocrx_word' id='word_1_123' title='bbox 895 2447 1037 2523; x_wconf 88' lang='lat' dir='ltr'><strong>efficere</strong></span> <span class='ocrx_word' id='word_1_124' title='bbox 1084 2445 1239 2546; x_wconf 80' lang='lat' dir='ltr'><strong>putavit.</strong></span> <span class='ocrx_word' id='word_1_125' title='bbox 1298 2447 1392 2520; x_wconf 87' lang='lat' dir='ltr'><strong>Cum</strong></span> 
     </span>
    </p>
   </div>
   <div class='ocr_carea' id='block_1_3' title="bbox 190 2699 1396 4322">
    <p class='ocr_par' dir='ltr' id='par_1_4' title="bbox 193 2699 1395 2874">
     <span class='ocr_line' id='line_1_17' title="bbox 230 2699 1393 2780; baseline 0 -22"><span class='ocrx_word' id='word_1_126' title='bbox 230 2702 239 2734; x_wconf 90' lang='lat'><strong>¹</strong></span> <span class='ocrx_word' id='word_1_127' title='bbox 262 2699 357 2758; x_wconf 79' lang='lat' dir='ltr'><strong>Aliter</strong></span> <span class='ocrx_word' id='word_1_128' title='bbox 384 2707 480 2757; x_wconf 83' lang='lat' dir='ltr'><strong>tamen</strong></span> <span class='ocrx_word' id='word_1_129' title='bbox 502 2700 630 2777; x_wconf 88' lang='lat' dir='ltr'><strong>judicare</strong></span> <span class='ocrx_word' id='word_1_130' title='bbox 658 2700 768 2760; x_wconf 85' lang='lat' dir='ltr'><strong>videtur</strong></span> <span class='ocrx_word' id='word_1_131' title='bbox 820 2703 994 2780; x_wconf 86' lang='lat' dir='ltr'><strong>“supersint</strong></span> <span class='ocrx_word' id='word_1_132' title='bbox 1017 2702 1143 2778; x_wconf 84' lang='lat' dir='ltr'><strong>vestigia,</strong></span> <span class='ocrx_word' id='word_1_133' title='bbox 1157 2720 1193 2758; x_wconf 85' lang='lat' dir='ltr'><strong>ex</strong></span> <span class='ocrx_word' id='word_1_134' title='bbox 1216 2699 1314 2778; x_wconf 89' lang='lat' dir='ltr'><strong>quibus</strong></span> <span class='ocrx_word' id='word_1_135' title='bbox 1333 2699 1393 2776; x_wconf 74' lang='lat' dir='ltr'><strong>ejus</strong></span> 
     </span>
     <span class='ocr_line' id='line_1_18' title="bbox 193 2791 1395 2874; baseline -0.004 -20"><span class='ocrx_word' id='word_1_136' title='bbox 193 2795 365 2856; x_wconf 74' lang='lat' dir='ltr'><strong>Doederlein.</strong></span> <span class='ocrx_word' id='word_1_137' title='bbox 381 2797 464 2871; x_wconf 82' lang='lat' dir='ltr'><strong>Spes.</strong></span> <span class='ocrx_word' id='word_1_138' title='bbox 477 2799 565 2874; x_wconf 90' lang='lat' dir='ltr'><strong>Soph.</strong></span> <span class='ocrx_word' id='word_1_139' title='bbox 578 2817 606 2873; x_wconf 89' lang='lat' dir='ltr'><strong>p.</strong></span> <span class='ocrx_word' id='word_1_140' title='bbox 619 2803 667 2856; x_wconf 82' lang='lat'><strong>50.</strong></span> <span class='ocrx_word' id='word_1_141' title='bbox 820 2799 937 2858; x_wconf 74' lang='lat' dir='ltr'><strong>“litera</strong></span> <span class='ocrx_word' id='word_1_142' title='bbox 960 2817 1040 2856; x_wconf 87' lang='lat' dir='ltr'><strong>usum</strong></span> <span class='ocrx_word' id='word_1_143' title='bbox 1069 2795 1151 2854; x_wconf 87' lang='lat' dir='ltr'><strong>latius</strong></span> <span class='ocrx_word' id='word_1_144' title='bbox 1173 2795 1293 2871; x_wconf 86' lang='lat' dir='ltr'><strong>potuisse</strong></span> <span class='ocrx_word' id='word_1_145' title='bbox 1314 2791 1395 2850; x_wconf 89' lang='lat' dir='ltr'><strong>intel-</strong></span> 
     </span>
    </p>

    <p class='ocr_par' dir='ltr' id='par_1_5' title="bbox 190 2889 1396 4322">
     <span class='ocr_line' id='line_1_19' title="bbox 230 2889 1393 2970; baseline -0.007 -17"><span class='ocrx_word' id='word_1_146' title='bbox 230 2893 326 2953; x_wconf 74' lang='lat' dir='ltr'><strong>&#39;Hoc</strong></span> <span class='ocrx_word' id='word_1_147' title='bbox 341 2903 505 2968; x_wconf 74' lang='lat' dir='ltr'><strong>argrrmento</strong></span> <span class='ocrx_word' id='word_1_148' title='bbox 519 2893 658 2970; x_wconf 84' lang='lat' dir='ltr'><strong>praecipue</strong></span> <span class='ocrx_word' id='word_1_149' title='bbox 672 2893 767 2963; x_wconf 81' lang='lat' dir='ltr'><strong>fretus,</strong></span> <span class='ocrx_word' id='word_1_150' title='bbox 817 2905 835 2931; x_wconf 83' lang='lat'><strong>‘⁴</strong></span> <span class='ocrx_word' id='word_1_151' title='bbox 853 2895 972 2970; x_wconf 60' lang='lat' dir='ltr'><strong>ligatum</strong></span> <span class='ocrx_word' id='word_1_152' title='bbox 1006 2891 1184 2969; x_wconf 74' lang='lat' dir='ltr'><strong>nequando,</strong></span> <span class='ocrx_word' id='word_1_153' title='bbox 1217 2908 1263 2946; x_wconf 90' lang='lat' dir='ltr'><strong>me</strong></span> <span class='ocrx_word' id='word_1_154' title='bbox 1289 2889 1393 2964; x_wconf 86' lang='lat' dir='ltr'><strong>judice,</strong></span> 
     </span>
     <span class='ocr_line' id='line_1_20' title="bbox 191 2989 1394 3070; baseline -0.002 -22"><span class='ocrx_word' id='word_1_155' title='bbox 191 2989 403 3066; x_wconf 80' lang='lat' dir='ltr'><strong>inscriptionem</strong></span> <span class='ocrx_word' id='word_1_156' title='bbox 428 2991 539 3048; x_wconf 83' lang='lat' dir='ltr'><strong>AEolica</strong></span> <span class='ocrx_word' id='word_1_157' title='bbox 564 2989 683 3048; x_wconf 85' lang='lat' dir='ltr'><strong>dialecto</strong></span> <span class='ocrx_word' id='word_1_158' title='bbox 705 3009 769 3047; x_wconf 86' lang='lat' dir='ltr'><strong>con·</strong></span> <span class='ocrx_word' id='word_1_159' title='bbox 818 3004 835 3031; x_wconf 77' lang='lat'><strong>¹⁴</strong></span> <span class='ocrx_word' id='word_1_160' title='bbox 850 2995 921 3053; x_wconf 77' lang='lat' dir='ltr'><strong>ratio</strong></span> <span class='ocrx_word' id='word_1_161' title='bbox 953 2992 1107 3070; x_wconf 81' lang='lat' dir='ltr'><strong>excogitari</strong></span> <span class='ocrx_word' id='word_1_162' title='bbox 1138 2989 1247 3065; x_wconf 82' lang='lat' dir='ltr'><strong>poterit,</strong></span> <span class='ocrx_word' id='word_1_163' title='bbox 1288 3007 1338 3046; x_wconf 90' lang='lat' dir='ltr'><strong>cur</strong></span> <span class='ocrx_word' id='word_1_164' title='bbox 1364 2989 1394 3048; x_wconf 86' lang='lat' dir='ltr'><strong>iu</strong></span> 
     </span>
     <span class='ocr_line' id='line_1_21' title="bbox 192 3085 1393 3164; baseline -0.011 -8"><span class='ocrx_word' id='word_1_165' title='bbox 192 3087 328 3163; x_wconf 73' lang='lat' dir='ltr'><strong>scripum</strong></span> <span class='ocrx_word' id='word_1_166' title='bbox 348 3105 409 3145; x_wconf 76' lang='lat' dir='ltr'><strong>esse</strong></span> <span class='ocrx_word' id='word_1_167' title='bbox 428 3093 505 3162; x_wconf 78' lang='lat' dir='ltr'><strong>puto.</strong></span> <span class='ocrx_word' id='word_1_168' title='bbox 549 3085 631 3156; x_wconf 80' lang='lat' dir='ltr'><strong>Quod</strong></span> <span class='ocrx_word' id='word_1_169' title='bbox 653 3085 700 3164; x_wconf 82' lang='lat' dir='ltr'><strong>qui</strong></span> <span class='ocrx_word' id='word_1_170' title='bbox 722 3103 769 3143; x_wconf 84' lang='lat' dir='ltr'><strong>ne·</strong></span> <span class='ocrx_word' id='word_1_171' title='bbox 818 3102 838 3128; x_wconf 81' lang='grc'>“</span> <span class='ocrx_word' id='word_1_172' title='bbox 852 3092 944 3152; x_wconf 71' lang='lat' dir='ltr'><strong>insula</strong></span> <span class='ocrx_word' id='word_1_173' title='bbox 969 3089 1043 3150; x_wconf 80' lang='lat' dir='ltr'><strong>Delo</strong></span> <span class='ocrx_word' id='word_1_174' title='bbox 1067 3085 1176 3148; x_wconf 77' lang='lat' dir='ltr'><strong>AEolica</strong></span> <span class='ocrx_word' id='word_1_175' title='bbox 1201 3088 1325 3148; x_wconf 77' lang='lat' dir='ltr'><strong>maxime</strong></span> <span class='ocrx_word' id='word_1_176' title='bbox 1351 3087 1393 3145; x_wconf 82' lang='lat' dir='ltr'><strong>in·</strong></span> 
     </span>
     <span class='ocr_line' id='line_1_22' title="bbox 191 3181 1393 3264; baseline -0.003 -20"><span class='ocrx_word' id='word_1_177' title='bbox 191 3194 269 3262; x_wconf 77' lang='lat' dir='ltr'><strong>gent,</strong></span> <span class='ocrx_word' id='word_1_178' title='bbox 296 3183 391 3244; x_wconf 86' lang='lat' dir='ltr'><strong>seriori</strong></span> <span class='ocrx_word' id='word_1_179' title='bbox 423 3203 457 3241; x_wconf 89' lang='lat' dir='ltr'><strong>ea</strong></span> <span class='ocrx_word' id='word_1_180' title='bbox 486 3193 568 3241; x_wconf 85' lang='lat' dir='ltr'><strong>aetate</strong></span> <span class='ocrx_word' id='word_1_181' title='bbox 604 3202 659 3259; x_wconf 87' lang='lat' dir='ltr'><strong>qua</strong></span> <span class='ocrx_word' id='word_1_182' title='bbox 690 3181 771 3258; x_wconf 87' lang='lat' dir='ltr'><strong>spiri·</strong></span> <span class='ocrx_word' id='word_1_183' title='bbox 817 3187 964 3264; x_wconf 82' lang='lat' dir='ltr'><strong>“scriptio</strong></span> <span class='ocrx_word' id='word_1_184' title='bbox 997 3185 1034 3242; x_wconf 88' lang='lat' dir='ltr'><strong>sit</strong></span> <span class='ocrx_word' id='word_1_185' title='bbox 1059 3183 1159 3260; x_wconf 89' lang='lat' dir='ltr'><strong>posita,</strong></span> <span class='ocrx_word' id='word_1_186' title='bbox 1186 3185 1209 3242; x_wconf 90' lang='lat' dir='ltr'><strong>si</strong></span> <span class='ocrx_word' id='word_1_187' title='bbox 1237 3182 1393 3264; x_wconf 74' lang='lat' dir='ltr'><strong>praesertim</strong></span> 
     </span>
     <span class='ocr_line' id='line_1_23' title="bbox 190 3277 1396 3358; baseline -0.002 -20"><span class='ocrx_word' id='word_1_188' title='bbox 190 3289 237 3338; x_wconf 85' lang='lat' dir='ltr'><strong>tus</strong></span> <span class='ocrx_word' id='word_1_189' title='bbox 258 3297 373 3358; x_wconf 83' lang='lat' dir='ltr'><strong>semper</strong></span> <span class='ocrx_word' id='word_1_190' title='bbox 397 3278 518 3338; x_wconf 83' lang='lat' dir='ltr'><strong>omissus</strong></span> <span class='ocrx_word' id='word_1_191' title='bbox 543 3288 587 3337; x_wconf 85' lang='lat' dir='ltr'><strong>est</strong></span> <span class='ocrx_word' id='word_1_192' title='bbox 613 3279 768 3354; x_wconf 87' lang='lat' dir='ltr'><strong>inscriptio·</strong></span> <span class='ocrx_word' id='word_1_193' title='bbox 818 3285 840 3320; x_wconf 77' lang='lat'><strong>⁴⁶</strong></span> <span class='ocrx_word' id='word_1_194' title='bbox 853 3283 915 3340; x_wconf 85' lang='lat' dir='ltr'><strong>haec</strong></span> <span class='ocrx_word' id='word_1_195' title='bbox 929 3289 1024 3340; x_wconf 80' lang='lat' dir='ltr'><strong>statua</strong></span> <span class='ocrx_word' id='word_1_196' title='bbox 1036 3299 1054 3336; x_wconf 83' lang='lat' dir='ltr'><strong>a</strong></span> <span class='ocrx_word' id='word_1_197' title='bbox 1069 3277 1172 3338; x_wconf 84' lang='lat' dir='ltr'><strong>Nexiis</strong></span> <span class='ocrx_word' id='word_1_198' title='bbox 1190 3277 1284 3339; x_wconf 86' lang='lat' dir='ltr'><strong>dicata</strong></span> <span class='ocrx_word' id='word_1_199' title='bbox 1306 3277 1396 3351; x_wconf 83' lang='lat' dir='ltr'><strong>luerit,</strong></span> 
     </span>
     <span class='ocr_line' id='line_1_24' title="bbox 190 3373 1394 3455; baseline -0.006 -19"><span class='ocrx_word' id='word_1_200' title='bbox 190 3393 257 3436; x_wconf 81' lang='lat' dir='ltr'><strong>nem</strong></span> <span class='ocrx_word' id='word_1_201' title='bbox 284 3375 406 3451; x_wconf 78' lang='lat' dir='ltr'><strong>positam</strong></span> <span class='ocrx_word' id='word_1_202' title='bbox 427 3391 488 3432; x_wconf 85' lang='lat' dir='ltr'><strong>esse</strong></span> <span class='ocrx_word' id='word_1_203' title='bbox 513 3373 692 3446; x_wconf 83' lang='lat' dir='ltr'><strong>confirmant,</strong></span> <span class='ocrx_word' id='word_1_204' title='bbox 720 3373 768 3430; x_wconf 93' lang='lat' dir='ltr'><strong>ob·</strong></span> <span class='ocrx_word' id='word_1_205' title='bbox 818 3389 836 3416; x_wconf 74' lang='lat'><strong>⁴⁶</strong></span> <span class='ocrx_word' id='word_1_206' title='bbox 852 3379 953 3438; x_wconf 79' lang='lat' dir='ltr'><strong>lonicae</strong></span> <span class='ocrx_word' id='word_1_207' title='bbox 987 3376 1077 3455; x_wconf 80' lang='lat' dir='ltr'><strong>gentis</strong></span> <span class='ocrx_word' id='word_1_208' title='bbox 1102 3376 1232 3453; x_wconf 77' lang='lat' dir='ltr'><strong>populo.&#39;&#39;</strong></span> <span class='ocrx_word' id='word_1_209' title='bbox 1283 3374 1394 3436; x_wconf 85' lang='lat' dir='ltr'><strong>Judiost</strong></span> 
     </span>
     <span class='ocr_line' id='line_1_25' title="bbox 191 3470 926 3552; baseline -0.005 -20"><span class='ocrx_word' id='word_1_210' title='bbox 191 3473 233 3532; x_wconf 86' lang='lat' dir='ltr'><strong>liti</strong></span> <span class='ocrx_word' id='word_1_211' title='bbox 243 3473 368 3552; x_wconf 85' lang='lat' dir='ltr'><strong>quidem,</strong></span> <span class='ocrx_word' id='word_1_212' title='bbox 379 3483 409 3528; x_wconf 89' lang='lat' dir='ltr'><strong>ut</strong></span> <span class='ocrx_word' id='word_1_213' title='bbox 417 3470 617 3544; x_wconf 71' lang='lat' dir='ltr'><strong>mihinidotur,</strong></span> <span class='ocrx_word' id='word_1_214' title='bbox 628 3479 763 3548; x_wconf 83' lang='lat' dir='ltr'><strong>quantem</strong></span> <span class='ocrx_word' id='word_1_215' title='bbox 816 3478 926 3536; x_wconf 79' lang='lat' dir='ltr'><strong>Lector.</strong></span> 
     </span>
     <span class='ocr_line' id='line_1_26' title="bbox 191 3562 1394 3648; baseline -0.002 -24"><span class='ocrx_word' id='word_1_216' title='bbox 191 3583 249 3644; x_wconf 82' lang='lat' dir='ltr'><strong>prae</strong></span> <span class='ocrx_word' id='word_1_217' title='bbox 272 3583 303 3624; x_wconf 87' lang='lat' dir='ltr'><strong>se</strong></span> <span class='ocrx_word' id='word_1_218' title='bbox 324 3573 492 3624; x_wconf 83' lang='lat' dir='ltr'><strong>vetustatem</strong></span> <span class='ocrx_word' id='word_1_219' title='bbox 509 3562 654 3623; x_wconf 83' lang='lat' dir='ltr'><strong>literarum</strong></span> <span class='ocrx_word' id='word_1_220' title='bbox 675 3565 767 3622; x_wconf 79' lang='lat' dir='ltr'><strong>forma</strong></span> <span class='ocrx_word' id='word_1_221' title='bbox 845 3569 899 3630; x_wconf 72' lang='lat' dir='ltr'><strong>³In</strong></span> <span class='ocrx_word' id='word_1_222' title='bbox 911 3571 993 3648; x_wconf 79' lang='lat' dir='ltr'><strong>Sigeo</strong></span> <span class='ocrx_word' id='word_1_223' title='bbox 1002 3571 1148 3628; x_wconf 81' lang='lat' dir='ltr'><strong>Marmore</strong></span> <span class='ocrx_word' id='word_1_224' title='bbox 1158 3567 1195 3625; x_wconf 79' lang='lat' dir='ltr'><strong>&#39;O</strong></span> <span class='ocrx_word' id='word_1_225' title='bbox 1204 3567 1394 3628; x_wconf 82' lang='grc' dir='ltr'><strong>ΛΙΣΟΠΟΣ</strong></span> 
     </span>
     <span class='ocr_line' id='line_1_27' title="bbox 190 3657 1395 3736; baseline -0.003 -12"><span class='ocrx_word' id='word_1_226' title='bbox 190 3657 767 3736; x_wconf 71' lang='lat' dir='ltr'><strong>fustesquamlouginquaaetuteinom-</strong></span> <span class='ocrx_word' id='word_1_227' title='bbox 818 3667 852 3724; x_wconf 84' lang='lat' dir='ltr'><strong>fit</strong></span> <span class='ocrx_word' id='word_1_228' title='bbox 877 3665 1101 3735; x_wconf 80' lang='grc' dir='ltr'><strong>ΗΑΙΣΟΓΟΣ,</strong></span> <span class='ocrx_word' id='word_1_229' title='bbox 1129 3662 1187 3720; x_wconf 73' lang='lat' dir='ltr'><strong>ec.</strong></span> <span class='ocrx_word' id='word_1_230' title='bbox 1215 3660 1395 3721; x_wconf 82' lang='lat' dir='ltr'><strong>D&#39;Orvillius</strong></span> 
     </span>
     <span class='ocr_line' id='line_1_28' title="bbox 192 3739 1395 3838; baseline -0.003 -23"><span class='ocrx_word' id='word_1_231' title='bbox 192 3757 272 3816; x_wconf 88' lang='lat' dir='ltr'><strong>nibus</strong></span> <span class='ocrx_word' id='word_1_232' title='bbox 287 3754 414 3814; x_wconf 85' lang='lat' dir='ltr'><strong>dialectis</strong></span> <span class='ocrx_word' id='word_1_233' title='bbox 427 3763 530 3829; x_wconf 83' lang='lat' dir='ltr'><strong>praeter</strong></span> <span class='ocrx_word' id='word_1_234' title='bbox 540 3751 769 3830; x_wconf 85' lang='lat' dir='ltr'><strong>AEolicamatque</strong></span> <span class='ocrx_word' id='word_1_235' title='bbox 819 3771 912 3822; x_wconf 59' lang='lat' dir='ltr'><strong>autem</strong></span> <span class='ocrx_word' id='word_1_236' title='bbox 928 3739 1013 3838; x_wconf 65' lang='lat' dir='ltr'><strong>(qnod</strong></span> <span class='ocrx_word' id='word_1_237' title='bbox 1028 3761 1093 3837; x_wconf 73' lang='lat' dir='ltr'><strong>jure</strong></span> <span class='ocrx_word' id='word_1_238' title='bbox 1107 3756 1230 3832; x_wconf 82' lang='lat' dir='ltr'><strong>mireris)</strong></span> <span class='ocrx_word' id='word_1_239' title='bbox 1250 3756 1363 3816; x_wconf 80' lang='lat' dir='ltr'><strong>literam</strong></span> <span class='ocrx_word' id='word_1_240' title='bbox 1377 3783 1395 3818; x_wconf 67' lang='grc' dir='ltr'><strong><em>ο</em></strong></span> 
     </span>
     <span class='ocr_line' id='line_1_29' title="bbox 193 3851 1396 3930; baseline -0.004 -15"><span class='ocrx_word' id='word_1_241' title='bbox 193 3853 360 3926; x_wconf 74' lang='lat' dir='ltr'><strong>Beodcsm,</strong></span> <span class='ocrx_word' id='word_1_242' title='bbox 382 3852 539 3926; x_wconf 80' lang='lat' dir='ltr'><strong>Digamma</strong></span> <span class='ocrx_word' id='word_1_243' title='bbox 560 3851 697 3910; x_wconf 82' lang='lat' dir='ltr'><strong>omissum</strong></span> <span class='ocrx_word' id='word_1_244' title='bbox 720 3851 766 3910; x_wconf 85' lang='lat' dir='ltr'><strong>sit.</strong></span> <span class='ocrx_word' id='word_1_245' title='bbox 817 3859 853 3915; x_wconf 87' lang='lat' dir='ltr'><strong>ab</strong></span> <span class='ocrx_word' id='word_1_246' title='bbox 867 3857 945 3915; x_wconf 82' lang='lat' dir='ltr'><strong>initio</strong></span> <span class='ocrx_word' id='word_1_247' title='bbox 963 3853 1139 3930; x_wconf 82' lang='lat' dir='ltr'><strong>Epigraphcs</strong></span> <span class='ocrx_word' id='word_1_248' title='bbox 1158 3852 1345 3910; x_wconf 83' lang='lat' dir='ltr'><strong>revocandam</strong></span> <span class='ocrx_word' id='word_1_249' title='bbox 1366 3860 1396 3910; x_wconf 83' lang='lat' dir='ltr'><strong>et</strong></span> 
     </span>
     <span class='ocr_line' id='line_1_30' title="bbox 193 3946 1393 4031; baseline 0.001 -25"><span class='ocrx_word' id='word_1_250' title='bbox 193 3947 373 4006; x_wconf 79' lang='lat' dir='ltr'><strong>Measautem</strong></span> <span class='ocrx_word' id='word_1_251' title='bbox 388 3947 532 4006; x_wconf 82' lang='lat' dir='ltr'><strong>sententiae</strong></span> <span class='ocrx_word' id='word_1_252' title='bbox 548 3946 767 4004; x_wconf 82' lang='lat' dir='ltr'><strong>minimsassen·</strong></span> <span class='ocrx_word' id='word_1_253' title='bbox 817 3973 882 4010; x_wconf 79' lang='lat' dir='ltr'><strong>cum</strong></span> <span class='ocrx_word' id='word_1_254' title='bbox 903 3949 1021 4031; x_wconf 70' lang='lat' dir='ltr'><strong>Ardprar</strong></span> <span class='ocrx_word' id='word_1_255' title='bbox 1030 3950 1204 4028; x_wconf 81' lang='lat' dir='ltr'><strong>jungendam</strong></span> <span class='ocrx_word' id='word_1_256' title='bbox 1220 3967 1280 4007; x_wconf 87' lang='lat' dir='ltr'><strong>esse</strong></span> <span class='ocrx_word' id='word_1_257' title='bbox 1302 3955 1393 4024; x_wconf 83' lang='lat' dir='ltr'><strong>putat.</strong></span> 
     </span>
     <span class='ocr_line' id='line_1_31' title="bbox 192 4041 1377 4123; baseline -0.008 -19"><span class='ocrx_word' id='word_1_258' title='bbox 192 4043 259 4114; x_wconf 79' lang='lat' dir='ltr'><strong>titur</strong></span> <span class='ocrx_word' id='word_1_259' title='bbox 274 4042 429 4115; x_wconf 83' lang='lat' dir='ltr'><strong>Biielrhius,</strong></span> <span class='ocrx_word' id='word_1_260' title='bbox 441 4043 521 4118; x_wconf 86' lang='lat' dir='ltr'><strong>cnjus</strong></span> <span class='ocrx_word' id='word_1_261' title='bbox 542 4043 628 4099; x_wconf 81' lang='lat' dir='ltr'><strong>verba</strong></span> <span class='ocrx_word' id='word_1_262' title='bbox 647 4041 766 4118; x_wconf 80' lang='lat' dir='ltr'><strong>prolem.</strong></span> <span class='ocrx_word' id='word_1_263' title='bbox 818 4049 943 4110; x_wconf 57' lang='lat' dir='ltr'><strong>missen,</strong></span> <span class='ocrx_word' id='word_1_264' title='bbox 958 4049 1029 4109; x_wconf 59' lang='lat' dir='ltr'><strong>obe„</strong></span> <span class='ocrx_word' id='word_1_265' title='bbox 1043 4051 1081 4109; x_wconf 83' lang='lat' dir='ltr'><strong>v,</strong></span> <span class='ocrx_word' id='word_1_266' title='bbox 1095 4055 1124 4116; x_wconf 77' lang='lat' dir='ltr'><strong>p,</strong></span> <span class='ocrx_word' id='word_1_267' title='bbox 1138 4048 1223 4106; x_wconf 73' lang='lat' dir='ltr'><strong>Tom,</strong></span> <span class='ocrx_word' id='word_1_268' title='bbox 1244 4047 1268 4104; x_wconf 80' lang='lat'><strong>1,</strong></span> <span class='ocrx_word' id='word_1_269' title='bbox 1282 4066 1312 4123; x_wconf 82' lang='lat' dir='ltr'><strong>p,</strong></span> <span class='ocrx_word' id='word_1_270' title='bbox 1326 4051 1377 4106; x_wconf 76' lang='lat'><strong>25,</strong></span> 
     </span>
     <span class='ocr_line' id='line_1_32' title="bbox 193 4139 1389 4224; baseline -0.002 -22"><span class='ocrx_word' id='word_1_271' title='bbox 193 4151 212 4181; x_wconf 75' lang='lat'><strong>‘⁸</strong></span> <span class='ocrx_word' id='word_1_272' title='bbox 228 4143 357 4202; x_wconf 84' lang='lat' dir='ltr'><strong>Deliecae</strong></span> <span class='ocrx_word' id='word_1_273' title='bbox 393 4139 579 4218; x_wconf 84' lang='lat' dir='ltr'><strong>inscriptionis</strong></span> <span class='ocrx_word' id='word_1_274' title='bbox 617 4140 767 4200; x_wconf 85' lang='lat' dir='ltr'><strong>dialectum</strong></span> <span class='ocrx_word' id='word_1_275' title='bbox 857 4147 935 4210; x_wconf 80' lang='lat' dir='ltr'><strong>⁴Cl.</strong></span> <span class='ocrx_word' id='word_1_276' title='bbox 961 4147 1055 4208; x_wconf 76' lang='lat' dir='ltr'><strong>Fisch.</strong></span> <span class='ocrx_word' id='word_1_277' title='bbox 1074 4145 1111 4206; x_wconf 82' lang='lat' dir='ltr'><strong>ad</strong></span> <span class='ocrx_word' id='word_1_278' title='bbox 1135 4144 1256 4206; x_wconf 81' lang='lat' dir='ltr'><strong>Wlel.</strong></span> <span class='ocrx_word' id='word_1_279' title='bbox 1277 4163 1305 4224; x_wconf 90' lang='lat' dir='ltr'><strong>p.</strong></span> <span class='ocrx_word' id='word_1_280' title='bbox 1322 4147 1389 4214; x_wconf 75' lang='lat'><strong>139.</strong></span> 
     </span>
     <span class='ocr_line' id='line_1_33' title="bbox 193 4233 1077 4322; baseline -0.003 -25"><span class='ocrx_word' id='word_1_281' title='bbox 193 4245 212 4274; x_wconf 75' lang='lat'><strong>‘⁸</strong></span> <span class='ocrx_word' id='word_1_282' title='bbox 226 4239 411 4316; x_wconf 84' lang='lat' dir='ltr'><strong>quamobrem</strong></span> <span class='ocrx_word' id='word_1_283' title='bbox 431 4237 492 4313; x_wconf 83' lang='lat' dir='ltr'><strong>quis</strong></span> <span class='ocrx_word' id='word_1_284' title='bbox 519 4243 599 4313; x_wconf 85' lang='lat' dir='ltr'><strong>putet</strong></span> <span class='ocrx_word' id='word_1_285' title='bbox 627 4233 767 4295; x_wconf 83' lang='lat' dir='ltr'><strong>AEolicam</strong></span> <span class='ocrx_word' id='word_1_286' title='bbox 819 4245 926 4304; x_wconf 73' lang='lat' dir='ltr'><strong>Matth,</strong></span> <span class='ocrx_word' id='word_1_287' title='bbox 940 4245 965 4304; x_wconf 86' lang='grc' dir='ltr'><strong>Ι,</strong></span> <span class='ocrx_word' id='word_1_288' title='bbox 985 4266 1013 4322; x_wconf 75' lang='lat' dir='ltr'><strong>p,</strong></span> <span class='ocrx_word' id='word_1_289' title='bbox 1028 4252 1077 4304; x_wconf 66' lang='grc' dir='ltr'><strong>ρο,</strong></span> 
     </span>
    </p>
   </div>
   <div class='ocr_carea' id='block_1_4' title="bbox 193 4331 1394 4517">
    <p class='ocr_par' dir='ltr' id='par_1_6' title="bbox 193 4331 1394 4517">
     <span class='ocr_line' id='line_1_34' title="bbox 194 4331 1394 4411; baseline -0.002 -13"><span class='ocrx_word' id='word_1_290' title='bbox 194 4339 363 4408; x_wconf 64' lang='lat' dir='ltr'><strong>“essenon</strong></span> <span class='ocrx_word' id='word_1_291' title='bbox 383 4349 524 4411; x_wconf 68' lang='lat' dir='ltr'><strong>nuquon</strong></span> <span class='ocrx_word' id='word_1_292' title='bbox 568 4331 695 4390; x_wconf 80' lang='lat' dir='ltr'><strong>Nsmob</strong></span> <span class='ocrx_word' id='word_1_293' title='bbox 718 4331 770 4390; x_wconf 76' lang='lat' dir='ltr'><strong>Di·</strong></span> <span class='ocrx_word' id='word_1_294' title='bbox 858 4337 939 4400; x_wconf 78' lang='lat' dir='ltr'><strong>&#39;ct</strong></span> <span class='ocrx_word' id='word_1_295' title='bbox 953 4341 1041 4406; x_wconf 87' lang='lat' dir='ltr'><strong>Kidd.</strong></span> <span class='ocrx_word' id='word_1_296' title='bbox 1057 4341 1218 4402; x_wconf 65' lang='lat' dir='ltr'><strong>moena.</strong></span> <span class='ocrx_word' id='word_1_297' title='bbox 1233 4337 1303 4399; x_wconf 85' lang='lat' dir='ltr'><strong>Mis.</strong></span> <span class='ocrx_word' id='word_1_298' title='bbox 1320 4335 1394 4397; x_wconf 85' lang='lat' dir='ltr'><strong>crit.</strong></span> 
     </span>
     <span class='ocr_line' id='line_1_35' title="bbox 193 4426 928 4517; baseline -0.007 -26"><span class='ocrx_word' id='word_1_299' title='bbox 193 4437 213 4468; x_wconf 79' lang='lat'><strong>‘¹</strong></span> <span class='ocrx_word' id='word_1_300' title='bbox 226 4449 345 4510; x_wconf 79' lang='lat' dir='ltr'><strong>gemma</strong></span> <span class='ocrx_word' id='word_1_301' title='bbox 357 4429 470 4509; x_wconf 88' lang='lat' dir='ltr'><strong>quidem</strong></span> <span class='ocrx_word' id='word_1_302' title='bbox 486 4427 628 4488; x_wconf 85' lang='lat' dir='ltr'><strong>AEolicum</strong></span> <span class='ocrx_word' id='word_1_303' title='bbox 641 4426 668 4485; x_wconf 93' lang='lat' dir='ltr'><strong>id</strong></span> <span class='ocrx_word' id='word_1_304' title='bbox 687 4426 769 4486; x_wconf 86' lang='lat' dir='ltr'><strong>hodie</strong></span> <span class='ocrx_word' id='word_1_305' title='bbox 819 4460 847 4517; x_wconf 75' lang='lat' dir='ltr'><strong>p,</strong></span> <span class='ocrx_word' id='word_1_306' title='bbox 861 4445 928 4499; x_wconf 75' lang='lat'><strong>132,</strong></span> 
     </span>
    </p>
   </div>
   <div class='ocr_carea' id='block_1_5' title="bbox 194 4525 1218 4608">
    <p class='ocr_par' dir='ltr' id='par_1_7' title="bbox 194 4525 1218 4622">
     <span class='ocr_line' id='line_1_36' title="bbox 194 4525 1218 4608; baseline -0.005 -19"><span class='ocrx_word' id='word_1_307' title='bbox 194 4531 214 4564; x_wconf 81' lang='lat'><strong>‘⁴</strong></span> <span class='ocrx_word' id='word_1_308' title='bbox 229 4547 313 4590; x_wconf 85' lang='lat' dir='ltr'><strong>nemo</strong></span> <span class='ocrx_word' id='word_1_309' title='bbox 327 4527 463 4602; x_wconf 66' lang='lat' dir='ltr'><strong>annuerit,</strong></span> <span class='ocrx_word' id='word_1_310' title='bbox 481 4545 568 4606; x_wconf 86' lang='lat' dir='ltr'><strong>quum</strong></span> <span class='ocrx_word' id='word_1_311' title='bbox 586 4525 661 4584; x_wconf 82' lang='lat' dir='ltr'><strong>haud</strong></span> <span class='ocrx_word' id='word_1_312' title='bbox 680 4541 771 4600; x_wconf 84' lang='lat' dir='ltr'><strong>pauca</strong></span> <span class='ocrx_word' id='word_1_313' title='bbox 859 4535 871 4569; x_wconf 77' lang='lat'><em>⁶</em></span> <span class='ocrx_word' id='word_1_314' title='bbox 892 4542 912 4572; x_wconf 64' lang='grc' dir='ltr'><strong>ιτ</strong></span> <span class='ocrx_word' id='word_1_315' title='bbox 922 4531 1055 4594; x_wconf 61' lang='lat' dir='ltr'><strong>Lettw</strong></span> <span class='ocrx_word' id='word_1_316' title='bbox 1067 4531 1218 4608; x_wconf 74' lang='lat' dir='ltr'><strong>ubisupra.</strong></span> 
     </span>
    </p>
   </div>
   <div class='ocr_carea' id='block_1_6' title="bbox 0 0 1611 5104">
    <p class='ocr_par' dir='ltr' id='par_1_8' title="bbox 0 0 1611 5104">
     <span class='ocr_line' id='line_1_37' title="bbox 0 0 1611 5104; baseline 0 0"><span class='ocrx_word' id='word_1_317' title='bbox 0 0 1611 5104; x_wconf 95' lang='lat' dir='ltr'><strong> </strong></span> 
     </span>
    </p>
   </div>
  </div>
 </body>
</html>
