3204 5104
762 415 811 473 to
1201 403 1346 490 [Cusas.
1364 404 1413 472 11.

219 589 400 688 congessit
411 585 433 677 ¹,
452 589 549 683 quod
572 583 668 661 idem
686 586 772 659 tecit
799 583 1002 684 Gregorius
1013 581 1036 656 ².
1077 589 1155 680 Παρ·
1172 583 1318 680 quidem
1345 607 1413 681 pro

218 755 309 822 παρα
335 731 419 794 ante
451 729 710 794 consonantem
738 718 877 814 ubique
907 715 1042 814 legitur
1065 714 1162 811 apud
1193 713 1410 800 Homerum,

216 863 325 950 atque
354 850 583 939 Pindarum³,
614 862 650 924 et
679 851 715 924 in
745 849 853 923 tertia
877 844 1124 921 Orchomenia
1155 844 1411 941 inscriptione⁴

215 983 382 1056 occurrit.
438 980 627 1056 Difficilius
654 991 710 1055 est
736 990 894 1054 statuere
928 1001 1002 1075 quo
1032 1001 1141 1051 sensu
1167 967 1442 1053 adhibeantur

214 1113 321 1186 verba
339 1125 552 1211 παρπαλεμο.
605 1113 739 1186 Totius
761 1112 830 1184 loci
848 1109 1029 1186 sententia
1049 1109 1101 1183 ito
1118 1109 1260 1207 concipi
1277 1120 1409 1208 potest.

216 1247 331 1320 “Atii
355 1248 440 1322 aliia
461 1249 649 1323 auxilium
672 1273 712 1322 se
734 1247 888 1321 daturos
910 1269 989 1320 esse
1015 1244 1269 1340 (pollicentur)
1295 1269 1411 1344 quum

215 1379 311 1478 quod
343 1389 473 1453 eoetera
505 1377 637 1452 attinet
672 1387 752 1451 tum
782 1378 823 1450 in
855 1375 978 1450 telo?
1031 1376 1081 1448 At
1111 1374 1142 1448 si
1175 1374 1409 1449 concedimus

215 1517 355 1588 συνεῖναι
381 1534 490 1584 sensu
514 1511 575 1583 τοῦ
590 1510 771 1594 ἀμύνεσθαι
794 1508 1067 1606 positum-esse,
1085 1509 1181 1582 haud
1200 1508 1326 1582 melios
1350 1533 1409 1582 res

215 1668 295 1718 rese
312 1643 434 1717 habet.
484 1643 578 1716 lllud
604 1643 701 1717 enim
726 1643 874 1717 verbum
896 1639 1187 1741 praepositionem
1209 1677 1301 1742 napa
1326 1653 1411 1740 post

213 1801 252 1850 se
286 1798 471 1873 nunquam
503 1776 643 1873 recipit.
695 1773 780 1849 Nee
811 1776 841 1849 si
873 1777 919 1849 ad
952 1776 1210 1851 vetustissimos
1242 1787 1410 1850 auctores

213 1906 395 2004 respicias,
435 1906 610 2003 quicquid
648 1906 787 1982 videbis
827 1909 926 2004 quod
972 1916 1147 1982 monstret
1180 1931 1254 2004 quo
1300 1931 1409 1982 sensu

214 2049 337 2112 nostro
370 2037 449 2110 loco
481 2037 673 2134 proeposito
707 2037 934 2112 adhibeatur.
987 2037 1031 2110 ln
1070 2037 1233 2112 Homero
1267 2061 1410 2136 semper

214 2178 309 2269 (eum
342 2171 505 2270 genitivo
544 2175 753 2273 conjuncta)
788 2175 908 2250 verbis
943 2185 1078 2247 motum
1116 2174 1408 2274 significantibus

214 2308 457 2406 subjungitur,
482 2307 551 2380 nisi
578 2308 690 2382 semel
715 2308 754 2381 in
785 2308 899 2383 Iliade
925 2309 1084 2404 quarta⁵.

339 2443 488 2537 Πλευρᾶ,
506 2442 552 2514 τά
575 2446 606 2516 oi
630 2443 777 2537 κύψαντι
803 2452 873 2541 παῤ
897 2438 1034 2520 ἀσπίδος
1058 2441 1250 2541 ἐξεφαάνθη

214 2577 276 2652 ubi
314 2586 414 2650 reete
447 2575 613 2674 Heynius
646 2576 803 2674 explicat
832 2576 963 2662 locum,
992 2601 1041 2650 sc.
1071 2572 1136 2670 ἔξω
1165 2573 1406 2662 virulentias.

213 2714 321 2810 Apud
339 2711 537 2785 Pindarum
556 2710 738 2786 rarissime
756 2735 838 2786 eum
857 2711 1022 2810 genitivo
1038 2710 1198 2811 legitur⁶
1212 2721 1249 2785 et
1265 2736 1409 2809 semper

213 2865 321 2916 sensu
344 2839 495 2940 vulgari.

288 2968 330 3043 [ι.
348 2983 381 3043 t.
402 2977 443 3042 Ar
469 2966 504 3042 ds
519 3005 567 3054 μα
588 3001 704 3044 cursor
721 2981 891 3046 ταλαντον
907 3005 1059 3070 καργνρο
1073 3004 1266 3045 αποτινοεαν
1279 3003 1333 3044 ror
1360 2979 1408 3044 Δι

212 3113 384 3178 Ολννπιοι.
438 3102 543 3178 Nihil
561 3105 620 3177 hic
644 3103 801 3180 difficile.
836 3115 875 3181 Er
897 3105 933 3181 de
956 3143 1000 3197 μη
1017 3109 1147 3202 levares,
1172 3119 1342 3182 ταλαντον
1366 3143 1409 3183 αν

210 3264 360 3329 αρ’γυρου
384 3264 571 3305 αποτινοιεν
595 3265 644 3305 τω
671 3242 728 3305 Art
752 3245 915 3331 ολνμπιῳ.
964 3237 1050 3311 Nec
1075 3237 1212 3336 aliquid
1236 3237 1334 3325 novi,
1367 3237 1406 3312 in

210 3363 376 3436 foedere⁷
402 3361 498 3434 enirn
524 3361 621 3435 inter
644 3365 827 3441 Priansios
845 3381 882 3444 et
907 3368 1229 3469 Hierapytnenses,
1249 3369 1298 3443 1111
1325 3369 1431 3468 qui-=

209 3515 357 3588 cunque
391 3501 516 3564 contra
550 3491 650 3590 leges
685 3496 834 3572 foederis
865 3501 1055 3576 offenderit
1089 3504 1201 3576 multa
1231 3537 1406 3590 τιμηματα

206 3627 487 3704 denunciantur.
539 3629 646 3721 Quod
678 3634 763 3708 huic
787 3636 868 3712 loeo
893 3641 1078 3716 contulere
1106 3667 1128 3714 a
1155 3641 1405 3743 Thucydid&

208 3760 420 3834 Bdckhius³
453 3773 490 3836 et
523 3761 728 3862 Walpolius
742 3765 779 3857 ¹⁰,
818 3771 914 3844 haud
954 3774 1104 3847 omnino
1135 3775 1295 3848 adrem.
1358 3777 1404 3850 In

248 3938 620 4014 ι8111.1).1’111.ρ.361.
832 3933 917 3991 XIV.
952 3939 1002 3995 33.
1050 3937 1137 4014 Pyra.
1173 3938 1197 3998 1.
1234 3944 1301 3998 148.
1338 3943 1405 4005 171.

246 4037 398 4109 ¹Gregor.
414 4039 447 4096 de
462 4037 541 4099 Dial.
556 4061 585 4116 p.
601 4046 670 4101 142.
830 4029 917 4088 Nem·
939 4030 994 4090 ῙΧ·
1019 4040 1046 4091 l·
1079 4034 1118 4092 X·
1144 4040 1192 4103 89·
1226 4035 1283 4096 XI·
1303 4033 1353 4094 46·

248 4145 394 4204 'Pindac
422 4147 508 4225 pyth·
532 4149 556 4209 1⁸
583 4156 651 4211 143·
693 4151 780 4215 Nem⁰
869 4123 1004 4204 ζο111511.
1018 4129 1087 4187 Ant
1101 4133 1153 4188 Αε.
1166 4149 1194 4204 p.
1209 4134 1276 4196 130.
1308 4127 1405 4189 Mam

201 4229 546 4314 'x.89.1sth.v11.6s.
710 4290 713 4297 .
834 4239 941 4302 Mann.
958 4241 1018 4302 Ox.
1031 4260 1060 4317 p.
1143 4283 1151 4300 .

246 4353 258 4385 ⁴
279 4352 378 4412 Clark.
392 4354 457 4414 ltin.
472 4355 542 4416 Vll.
558 4378 585 4433 p.
603 4364 670 4427 192.
872 4354 883 4390 ¹
903 4356 1033 4434 Thucyd.
1049 4357 1087 4416 V.
1103 4361 1152 4415 31.
1169 4366 1176 4380 ·

246 4463 258 4496 ⁵
278 4464 499 4527 dianonus.
872 4465 883 4502 ⁹
904 4466 960 4525 Ubi
975 4467 1076 4544 Supra.

245 4575 258 4657 .‘
278 4579 327 4640 01.
354 4581 377 4640 1.
405 4587 473 4643 112.
502 4581 542 4641 11.
572 4585 641 4647 127.
666 4579 707 4641 V.
730 4587 778 4641 21.
868 4578 892 4664 .¹⁰
913 4581 1076 4657 walpotia
1092 4581 1168 4642 Mus.
1183 4579 1298 4656 cnsp.
1313 4583 1383 4648 5³7.
