3158 5104
152 389 280 456 lusca.
309 383 363 463 V.]
707 389 778 468 129
807 355 815 371 .

150 569 278 644 decem
303 585 448 662 semper
474 562 586 641 fuisse
603 573 716 660 putat,
743 563 805 662 qni
824 561 1062 660 proculdubio
1081 559 1351 662 magistralibus
1379 553 1384 560 ⁸

150 697 336 796 plerisque
373 718 544 768 numerus
584 706 662 768 erat
695 693 927 768 constitutus.
996 694 1105 786 Quod
1140 693 1227 769 dicit
1259 693 1352 768 Ber·

151 829 357 918 thelemius,
388 827 553 926 singulos
586 852 608 902 e
640 827 792 928 singulis
822 825 989 901 tribubus
1020 827 1155 900 electos
1190 849 1281 912 esse,
1314 825 1352 898 id

151 968 316 1032 nostrum
334 981 488 1032 marmor
503 957 651 1032 omnino
670 957 799 1031 falsurn
817 981 897 1032 esse
913 957 1116 1032 confirmat.
1141 956 1263 1032 Locos
1282 957 1351 1029 hoc

154 1090 264 1164 modo
281 1090 483 1164 vertendus.
515 1097 536 1126 “
549 1089 728 1166 AEentide
744 1089 840 1162 tribu
856 1088 982 1187 primae
997 1088 1184 1188 Prytaniae
1199 1113 1352 1164 munere

154 1220 347 1320 fungente,
373 1221 529 1318 pecunia
555 1219 830 1294 Hellenotarniis
856 1219 1080 1296 Callimacho
1097 1245 1144 1294 ex
1162 1221 1352 1320 signante,

156 1349 386 1424 Phrasitelidi
414 1347 587 1422 lcariensi
605 1325 795 1422 numerata
819 1359 885 1438 est,
909 1349 1047 1424 scilicet
1066 1360 1105 1424 ut
1128 1349 1233 1448 equis
1255 1375 1353 1424 conr-

157 1491 298 1554 mestus
315 1481 508 1570 darentur3
536 1503 556 1552 e
580 1477 762 1554 Minervae
786 1477 947 1560 Πολιάδος
969 1481 1146 1554 thesauris
1164 1491 1354 1556 numeratu

156 1625 240 1688 sunt
283 1613 350 1687 tria
382 1613 532 1703 talenta,
567 1613 635 1688 tria
670 1613 780 1688 rnillia
815 1638 896 1688 curn
930 1612 1097 1688 ducentis
1132 1624 1170 1687 et
1201 1608 1355 1713 trig'ints
1406 1619 1417 1634 “

155 1753 294 1840 septem
318 1742 510 1832 drachmis,
536 1741 830 1842 semioboloque;
865 1767 886 1816 e
911 1743 1091 1818 Minervae
1114 1745 1216 1831 Νίκης
1231 1755 1353 1818 antem

156 1879 343 1963 thesauro,
371 1876 572 1975 nonaginta
595 1886 639 1948 et
669 1899 742 1948 una
772 1875 953 1950 drachmae
983 1900 1065 1950 curn
1094 1874 1208 1950 tribus
1239 1875 1354 1951 obolis

156 2008 469 2104 semioboloque.”

234 2146 349 2220 Para.
370 2143 418 2219 ll.
459 2147 538 2220 'Eri
551 2154 612 2232 τῆν
626 2103 786 2241 hupaldus
798 2141 953 2245 δευτέραν
968 2147 1229 2244 πρυτανευούσης
1244 2147 1357 2222 hono·

159 2279 273 2355 θέταιυ
295 2275 460 2377 παρεδόθη
482 2281 514 2358 c'c
536 2281 748 2365 Παναθήναια
770 2279 817 2351 ἰα’
839 2278 977 2372 μεγάλα
999 2283 1119 2350 Φίλωνι
1142 2275 1359 2365 Κυθαθηναιιῖ

161 2415 215 2487 καὶ
225 2411 461 2511 Συνᾶρχυυσιν,
473 2412 644 2498 Ἀθηναίας
659 2407 820 2489 Πολιάδος
835 2421 919 2514 ffix,
934 2414 1107 2510 icporroroir
1120 2411 1193 2484 κατ’
1208 2411 1358 2488 ἑνιαυτδν

162 2548 298 2639 hednae
318 2544 452 2644 Ἐρχιεῖ
471 2547 522 2618 καὶ
546 2542 764 2642 συνάρχουσιν
792 2543 824 2622 ἐς
849 2576 911 2632 την
935 2543 1128 2635 ἑκατόμβην
1147 2549 1377 2638 ΚΗΔΡΗΡ·

162 2681 286 2773 Quum
309 2701 354 2750 ex
381 2679 450 2751 hoe
476 2676 557 2749 loco
586 2676 834 2750 Panathenaea
856 2676 1037 2752 celebrata
1055 2701 1133 2752 esse
1153 2677 1360 2778 Glaucippo

162 2811 350 2886 Archonte
381 2807 467 2880 satis
497 2817 651 2896 constet,
676 2805 901 2904 Glaucippus
930 2819 1053 2882 autern
1083 2811 1231 2882 Archon
1264 2820 1360 2882 esset

162 2941 307 3040 Olymp.
326 2937 489 3028 Xeno,
515 2937 698 3014 Biichhius
723 2938 810 3011 hinc
833 2963 957 3011 ansam
985 2938 1081 3034 cepit
1103 2936 1363 3030 Dodwellutn¹⁸

162 3073 291 3148 merito
336 3071 636 3169 reprehendendi,
688 3071 763 3166 qui,
809 3067 1063 3168 'Thucydidis'
1106 3068 1188 3142 loco
1232 3069 1361 3161 fretus,

165 3201 414 3274 Panathenaea
439 3201 485 3274 τὰ
514 3201 658 3295 μεγάλα
687 3201 724 3272 ιιι
751 3199 908 3272 eundern
931 3221 1066 3272 annuus
1096 3221 1140 3272 sc
1169 3198 1364 3298 Olympios

163 3353 307 3426 semper
333 3301 503 3406 incidisse
528 3330 663 3404 statuit.

241 3460 349 3554 Quod
389 3461 617 3538 Athlothetas
649 3463 787 3552 attinet,
822 3461 937 3558 quaeri
972 3472 1092 3560 potest
1131 3484 1244 3560 quare
1276 3485 1360 3535 cunr

164 3592 413 3670 Panathenaea
429 3593 604 3692 vigesimo
622 3603 750 3665 octavo
768 3593 827 3692 die
843 3589 1162 3666 Hecatomhaeonis
1180 3590 1362 3664 celebrato
1383 3577 1385 3582 ’

164 3749 243 3798 esse
260 3719 346 3794 satis
360 3725 559 3798 ostenderit
574 3723 787 3812 Corsinus³,
814 3725 993 3798 incorum
1013 3733 1174 3820 sumptus
1192 3719 1363 3818 suppedi-

166 3860 295 3932 tandos
325 3859 481 3955 pecunia
517 3861 735 3934 Athlothetis
768 3885 841 3954 non
877 3861 945 3933 nisi
980 3857 1139 3932 secunde
1175 3855 1362 3954 Prytanis,

166 4014 249 4088 quae
291 3988 593 4088 Metageitnionis
632 3999 734 4061 sexto
776 3992 835 4065 die
870 3987 1062 4086 inceperit,
1097 3995 1360 4061 numeraretur.

166 4121 262 4196 Rern
279 4131 400 4194 autern
419 4121 514 4194 bene
534 4119 722 4218 explicarit
740 4121 935 4197 B'dckhins.
989 4114 1211 4230 Athlolpetae
1226 4115 1365 4190 seilicet

1118 4225 1140 4272 rt

206 4313 739 4395 ¹Dodwell.Ann.Tlrucyd.adAnn.
791 4292 796 4302 .
829 4318 972 4380 :Coruin
1006 4318 1083 4376 Fast.
1113 4283 1179 4377 altr.
1211 4313 1296 4371 Τοιιι.
1323 4307 1368 4367 ll.

153 4407 241 4470 ’ΧΠι
260 4407 325 4466 belli
340 4407 436 4487 Pelop.
791 4433 818 4490 p.
834 4420 906 4478 ³57.

204 4507 218 4592 f
238 4505 369 4584 Thucyd.
384 4507 422 4566 V.
435 4513 485 4574 47.

784 4611 818 4676 R
