3222 5104
815 403 887 475 362

664 683 1056 826 APPuNorx.

744 1085 819 1158 No.
844 1085 906 1156 lv.
936 1097 969 1154 2.

535 1426 831 1507 DECRETUM
858 1421 1188 1497 LACONlCUM.

367 1637 566 1720 Laconum
599 1660 706 1712 contra
740 1642 941 1707 Timotheum
973 1641 1145 1716 decretum,
1176 1639 1260 1722 quod
1280 1637 1433 1703 laconica

293 1753 428 1819 dialecto
450 1751 479 1814 in
498 1747 684 1832 quibusdum
696 1745 790 1806 rebus
804 1763 877 1804 cum
896 1736 973 1801 Elea
989 1735 1201 1800 consentiente
1222 1735 1433 1810 conscribitur,

296 1851 449 1917 Lectores
463 1850 566 1910 forsan
579 1845 640 1906 hoc
657 1840 688 1905 in
702 1842 773 1902 loco
788 1837 891 1900 videre
906 1837 1021 1898 volent.
1058 1833 1140 1896 Cum
1156 1846 1261 1897 autem
1272 1833 1433 1906 verissime,

241 2025 245 2032 ⁵
294 1973 345 2014 me
357 1946 477 2034 jndice,
501 1941 645 2024 Toupius
660 1937 735 2000 illud
753 1941 912 2001 decretum
928 1943 1075 2014 corrupto
1093 1931 1270 2014 corruptius
1288 1929 1433 2014 appellet,

295 2063 326 2112 et
349 2048 453 2108 tnultae
476 2039 564 2104 variae
595 2036 746 2100 lectiones
771 2033 801 2096 in
824 2031 908 2094 omui
933 2030 1013 2091 linea
1035 2043 1153 2105 extent,
1179 2031 1246 2112 ejus
1272 2028 1433 2090 auctoritas

296 2147 388 2231 plone
411 2145 490 2204 nullu
515 2152 572 2201 est.
625 2135 731 2206 Quare
750 2155 809 2214 ego
832 2149 991 2212 nunquam
1009 2125 1038 2186 in
1062 2125 1168 2188 libello
1187 2148 1258 2188 meo
1275 2123 1431 2200 advocari,

295 2245 345 2307 hic
364 2257 467 2305 autem
488 2250 557 2299 unte
577 2233 685 2296 oculos
709 2231 878 2292 Lectornm
897 2248 994 2309 pono,
1022 2246 1060 2285 ne
1083 2245 1165 2305 opus
1184 2245 1329 2284 mancum
1350 2223 1433 2284 vide·

297 2354 375 2405 atur.
408 2335 541 2408 Quoties
560 2332 588 2394 in
610 2331 669 2392 hoc
696 2330 821 2389 decreto
838 2323 1032 2386 emendando
1050 2322 1216 2383 luborhriut
1237 2321 1291 2382 viri
1315 2318 1433 2397 eruditi,

296 2463 313 2502 e
337 2433 470 2500 Potsoui
489 2429 588 2493 verbis
602 2427 672 2512 ipso
689 2424 827 2487 Decreto
843 2417 1024 2504 postpositis
1042 2417 1172 2503 patebit.

372 2523 545 2595 Decretum
572 2539 619 2588 est
646 2522 809 2586 Laconum
834 2531 941 2581 contra
961 2513 1165 2578 Timotheum
1193 2515 1277 2598 quod
1303 2526 1434 2576 veterem

231 2697 238 2709 .
298 2643 391 2712 atque
424 2647 559 2690 severam
590 2619 738 2684 musicam
763 2614 952 2699 corrupisset
976 2625 1009 2675 et
1038 2610 1190 2675 indecoris
1215 2610 1370 2694 figmentis
1398 2611 1436 2672 de

300 2725 439 2788 Semeles
467 2734 556 2806 partu
577 2721 709 2804 juvenes
739 2717 778 2777 ad
810 2713 915 2775 vitium
945 2708 1110 2772 allexisset.
1155 2708 1332 2772 Meminere
1360 2707 1436 2770 Plu·

298 2822 422 2886 turchos
439 2820 518 2903 (Op.
549 2816 642 2881 Tom.
663 2835 704 2876 11.
738 2835 770 2895 p.
787 2809 878 2882 238.)
928 2805 1096 2870 Athenaeus
1118 2810 1211 2882 (xlv.
1243 2830 1277 2890 p.
1294 2806 1384 2878 636.)
1408 2818 1439 2868 et

300 2919 413 2984 Cicero
436 2917 505 2996 (De
530 2913 668 2996 Legibus
688 2931 728 2974 11.
747 2909 810 2982 15.)
856 2907 925 2988 Ego
949 2907 1107 2967 decretum
1129 2927 1147 2966 e
1166 2902 1345 2966 Casauhoni
1365 2915 1438 2966 nota

299 3021 338 3082 ad
360 3017 471 3080 Athen.
495 3034 578 3076 vttr.
603 3033 635 3093 p.
653 3015 726 3074 852.
745 3003 900 3068 exscribo.
942 2998 1147 3064 casaubonus
1163 3014 1276 3076 autem,
1293 3013 1327 3063 ut
1344 3001 1397 3078 uit,
1419 3022 1437 3060 e

299 3115 434 3180 Boethio
463 3107 636 3191 exscripsit.
689 3103 862 3166 Glareanus
885 3113 988 3162 autem
1016 3100 1046 3161 in
1073 3122 1129 3161 snt
1156 3098 1279 3162 Boethii
1308 3097 1439 3164 editione

298 3219 337 3291 (1.
360 3213 403 3285 l.)
418 3213 502 3275 haud
521 3208 630 3270 eodem
648 3204 742 3265 modo
760 3199 868 3264 edidit.
922 3195 1100 3279 Praecipuus
1119 3196 1240 3258 evariis
1256 3195 1440 3258 lectionibus

299 3308 414 3374 addidi.

373 3398 469 3469 Ἐπεὶ
489 3390 523 3464 δὲ
543 3388 736 3484 Τιμόθεορὸ
756 3384 927 3479 Μιλήσιορ
943 3381 1066 3455 ἐλθώνι
1085 3383 1250 3474 α’μέτορον
1266 3383 1364 3454 πόλιν

373 3496 439 3567 τᾶν
454 3503 599 3563 παλαιαν
615 3482 771 3568 μολπᾶν’
787 3479 961 3563 ἀτῖμασδο,
988 3485 1038 3552 rui
1060 3481 1126 3551 adv
1141 3476 1192 3549 «lul
1210 3479 1273 3550 τᾶν

305 3611 310 3618 “
373 3591 465 3665 timei
480 3584 602 3684 χορδᾶν
615 3579 788 3679 κιθοῖριξνν8
805 3579 1104 3674 ἀποστρεφόμενον)
1120 3581 1336 3674 πολυφωνίαν

374 3691 524 3778 εἰσάγων
538 3689 731 3762 λυμαίνεται
747 3679 812 3773 τὰρ
828 3678 930 3771 daodp
944 3676 1011 3746 τῶν
1028 3675 1103 3746 νέων
1119 3671 1172 3745 cho*

374 3795 440 3882 τᾶρ
454 3778 699 3880 πολυχορδὶοῷ
718 3780 770 3848 καὶ
785 3775 855 3870 'ydp
871 3775 1052 3844 κοινότατα
1070 3779 1120 3842 τῶ
1135 3771 1258 3866 με’λεορ

335 3953 373 4010 G.
387 3948 553 4009 Glareanus.
576 3945 616 4000 0.
633 3942 724 3998 Editio
734 3939 844 3996 Oxoni·
935 3933 946 3965 ³
966 3959 1103 4012 κνταριτνν
1117 3933 1151 3988 Β.

292 4033 375 4093 ensis.
416 4029 450 4086 Β.
473 4027 569 4083 Codex
581 4022 607 4078 ln
620 4021 727 4093 Colleg.
742 4015 863 4074 Balad·
933 4013 1008 4070 *δαὶ
1030 4014 1086 4087 arip
1106 4009 1299 4088 πολιχορδὲορ
1321 4010 1363 4066 rrul
1387 4014 1442 4088 τᾶρ

293 4109 470 4171 bibliotheca.
514 4105 557 4161 M.
580 4101 677 4158 Codex
690 4099 718 4154 in
734 4096 842 4170 Colleg.
893 4094 1059 4170 κανοτᾶτορ
1088 4092 1124 4146 ad
1150 4091 1252 4166 μέλιορ
1277 4091 1372 4160 ἅγειιμε
1400 4093 1441 4147 ml

200 4205 205 4216 ¹
268 4187 423 4300 =Mpgdal.
438 4182 612 4286 bibliotheca.
689 4259 697 4279 9
752 4255 759 4274 Ι
893 4176 1026 4270 aroren'pmr⁸
1041 4169 1104 4268 dori
1126 4164 1239 4268 dahdnp
1256 4167 1302 4264 Ι’εοὶ
1319 4165 1441 4270 ἱτεταμέ-

290 4349 348 4408 ure
363 4262 842 4424 ‘illihl“tll‘l⁰lp2;lssllll
888 4261 1212 4422 llllllllfssffllssf
1223 4269 1442 4403 233lethss

290 4426 392 4498 ἕττᾰν,
410 4424 498 4484 taeda
510 4418 614 4480 Glossa
626 4427 678 4473 est.
889 4407 1009 4466 διοσκενν
1021 4406 1084 4464 o’nt
1105 4407 1161 4486 *reip
1183 4427 1324 4482 crappum
1338 4427 1442 4465 torni·

329 4507 343 4542 ²
362 4505 435 4575 poda
448 4501 487 4560 0.
526 4500 604 4571 μαῖον
620 4493 708 4554 Codd.
726 4491 785 4553 Ox.
799 4487 839 4549 al.
887 4489 1087 4566 ἀντίστροφον
1098 4481 1224 4557 ἆμοιβᾶν
1237 4481 1277 4540 0.
