3158 5104
153 379 279 442 lusce.
294 375 360 460 ib]

342 799 494 880 Curso.
518 798 607 878 ΙΙΙ.
663 798 791 878 Sncr.
820 797 857 875 Ι.
912 797 1066 876 Iuscn.
1093 795 1157 876 ΙΙ.

246 1044 558 1136 ΙΜΑιιΜοιι
614 997 1149 1118 No1u'ruu1ruum
1189 1043 1240 1114 11.

669 1279 760 1337 TAB.
783 1277 852 1335 XV.

666 1567 670 1578 .
696 1491 829 1541 ⁴0·-

234 1699 332 1783 Spon.
353 1697 502 1761 Misceil.
517 1717 549 1780 p.
564 1705 637 1760 815.
686 1693 811 1758 Mnffei.
827 1693 916 1758 Mus.
936 1693 1053 1758 Veron.
1073 1717 1106 1778 p.
1124 1714 1280 1758 ccccvrr.

239 1903 337 1990 Hoc
358 1941 513 1990 marmor
528 1899 655 1991 eodem
673 1919 754 1989 loco
774 1939 847 2013 quo
864 1915 965 2011 prius
987 1915 1139 1987 Athenis
1158 1923 1356 2010 repertum,

163 2073 245 2122 cum
275 2071 321 2122 eo
356 2049 394 2120 in
431 2047 566 2120 Museo
603 2049 726 2145 Regio
760 2056 975 2120 asservatur.
1039 2045 1197 2142 Utrique
1233 2049 1357 2118 endem

164 2172 315 2266 species,
342 2167 468 2245 eudem
495 2171 658 2258 latitudo,
686 2172 811 2244 endem
837 2171 1024 2265 scripturos
1052 2171 1155 2241 ratio.
1202 2170 1360 2265 Sponius

166 2301 228 2399 qui
255 2305 391 2397 primus
422 2299 545 2388 edidit,
572 2299 610 2370 in
645 2303 770 2372 eodem
803 2299 883 2371 loco
916 2300 1024 2370 “ulia
1051 2277 1124 2369 duo
1154 2298 1361 2396 fragmenta

165 2411 400 2504 Pandionidis
427 2441 465 2502 'et
483 2430 668 2502 Leontidis
695 2423 821 2516 tribus,
848 2431 885 2501 in
910 2431 1041 2526 quibus
1066 2429 1168 2502 undo
1188 2432 1363 2530 leguntur

164 2561 348 2634 tribulium
394 2559 540 2632 nomina
588 2559 715 2631 eodem
760 2561 866 2631 modo
910 2559 1226 2656 ὁρθογραφοόμενα,
1264 2585 1297 2640 y,
1326 2573 1363 2648 9.

169 2680 516 2760 ΚΑΛΛΙΧΣΕΝΟΣ,
553 2679 848 2761 ΧΣΕΝΥΒΒΟΣ,
886 2679 1237 2762 ΗΙΙῚΠΟΔΑΜΑΣ,
1274 2684 1364 2751 ΗΙΕ.

169 2797 422 2878 ΡΟΝΥΜΟΣ,
473 2795 793 2877 ΧΣΕΝΟΦΙΕΟΣ,
850 2796 1161 2876 ΕΡΧΣΙΜΕΝΕΣ,
1216 2797 1364 2864 ΗΥΙῚΕ·

173 2925 320 3005 bitot,
337 2923 475 3002 ΔΙΟΝ,
493 2919 728 3002 ΑΝΤΙΦΟΝ,
749 2920 1045 3004 ΧΣΕΝΟΚΕΕΣ,
1060 2915 1129 2987 dcc.
1142 2913 1152 2948 ¹
1166 2923 1191 2948 ”
1209 2915 1363 3009 reperiri

166 3047 284 3118 docet.
327 3041 440 3114 Unde
465 3063 548 3112 cnm
579 3041 657 3113 baec
688 3039 838 3112 nomina
864 3041 900 3112 in
928 3043 1160 3137 praecedente
1190 3067 1365 3117 marmore

167 3181 304 3255 extent,
338 3194 463 3243 omnes
497 3189 584 3242 una·
600 3193 689 3244 voce
721 3171 848 3266 Sponii
888 3171 1007 3256 verbu,
1045 3171 1119 3246 alta
1152 3173 1223 3248 duo
1246 3176 1363 3273 srag·

166 3311 302 3408 menta,
337 3301 383 3370 nd
405 3297 504 3370 ·illud
540 3321 695 3372 marmor
724 3323 807 3371 cum
836 3297 908 3372 ulio
939 3300 1097 3396 quodum
1123 3304 1201 3400 jam
1231 3305 1363 3378 smisso
1461 3287 1468 3300 ¹

168 3432 350 3528 respicere
383 3437 556 3501 statuunt.
616 3426 758 3515 Quibus
794 3407 915 3500 multu¹
937 3428 1138 3524 impediunt
1172 3433 1364 3526 quominus

168 3558 318 3632 omniuo
358 3552 547 3626 assentior.
617 3552 776 3649 Sponius
819 3552 915 3625 enim
959 3554 995 3624 in
1040 3553 1252 3651 fragmentis
1296 3555 1364 3628 illis

170 3683 406 3758 Pandionidis
440 3697 478 3754 et
509 3681 694 3754 Leontidis
722 3682 836 3755 tribus
866 3682 1014 3757 tribules
1044 3685 1234 3757 memorari
1264 3684 1363 3770 dicit,

169 3827 205 3889 nt
242 3839 292 3888 ne
328 3801 479 3886 verbum
520 3811 665 3909 quidem
706 3814 751 3886 de
793 3813 889 3886 tribu
926 3813 1172 3888 Erechtheide
1214 3817 1364 3912 profe'rt.

172 3944 336 4018 Nomina
353 3967 499 4040 quoque
523 3944 625 4016 unda
646 3944 684 4016 iu
703 3943 770 4017 iilis
792 3943 1029 4016 marmoribus
1052 3946 1211 4017 inesses
1229 3945 1366 4042 Sponio

172 4075 351 4172 discimus,
388 4096 464 4168 quo
497 4073 684 4156 vobabulo,
725 4073 755 4145 si
787 4073 876 4170 quid
910 4099 982 4173 ego
1014 4075 1166 4161 videam,
1206 4075 1281 4148 vuit
1313 4079 1367 4149 vir
1476 4070 1492 4103 ⁸

173 4202 301 4275 doctus
324 4199 530 4274 nominibus
558 4200 648 4273 nibil
667 4200 798 4298 proeire
821 4226 894 4298 quo
916 4227 1029 4301 quare
1053 4205 1219 4278 marmori
1237 4202 1363 4276 trudito

281 4413 292 4496 ξ
314 4417 400 4492 Spon.
415 4417 536 4476 Miscell.
551 4438 579 4494 p.
592 4424 662 4483 ³17.
703 4419 812 4478 Literns
824 4439 839 4477 e
853 4419 955 4494 Spouio
968 4432 1097 4481 accurate
1110 4423 1256 4502 exscripsi.
