3218 5116
233 379 363 448 lusca.
380 377 503 458 vnn]
816 389 885 466 149

233 575 312 638 eat:
354 585 528 661 magnum
565 561 783 662 prodigium,
818 589 900 638 oum
946 567 1119 661 postridie
1158 570 1204 641 ad
1246 569 1437 645 cubitalem

232 703 458 778 altitudinem
491 700 679 774 accrevit¹.
734 703 782 774 At
816 703 1067 776 instaurantur
1093 711 1236 778 veteres
1273 707 1438 789 hthenae,

233 830 545 916 communiuntur,
570 853 614 902 ac
633 829 712 927 jam
741 829 976 902 aedificiorum
1009 830 1282 926 pulchritudine
1310 833 1440 906 nobili·

233 969 370 1032 tantur.
424 955 569 1029 'I'amen
597 957 840 1030 sanctuarium
859 956 970 1028 totius
993 957 1147 1029 civitatis
1170 957 1267 1033 inter
1287 957 1439 1045 Thesei,

235 1089 494 1177 Parthenonis,
523 1088 872 1186 Propylaeorumque
895 1091 1148 1162 struendarum
1168 1092 1438 1165 contentionem

234 1218 444 1315 neglectum
465 1227 530 1306 est,
553 1235 666 1312 atque
681 1197 836 1289 florente
853 1217 1062 1313 reipublicae
1077 1230 1171 1291 statu
1187 1243 1290 1292 sacra
1304 1244 1439 1318 augus-

233 1349 376 1421 tissima
401 1349 497 1422 haud
525 1350 634 1422 dubie
662 1349 698 1422 in
717 1349 873 1423 aedicula
900 1349 1023 1448 lignea
1040 1350 1096 1423 vel
1120 1351 1221 1448 ligno
1245 1352 1438 1444 tectalfieri

235 1477 449 1574 permissum
465 1475 490 1548 ².
543 1477 639 1550 Satis
666 1489 745 1550 erat
771 1479 978 1551 Minervam
993 1480 1089 1550 arcis
1109 1479 1300 1576 praesidem
1320 1490 1439 1553 statua

235 1607 377 1704 ingenti
403 1607 486 1680 aerie
511 1627 661 1703 ponere,
688 1633 797 1707 quam
827 1607 977 1680 Phidias
994 1608 1081 1681 fecit
1109 1601 1146 1680 et
1167 1610 1271 1707 eujus
1297 1615 1466 1682 scutum*

236 1741 316 1816 fere
348 1743 499 1839 triginta
528 1745 634 1815 annis
662 1753 742 1837 post
773 1746 860 1838 (boc
885 1745 984 1815 enirn
1011 1753 1148 1816 statuas
1179 1751 1329 1817 necesse
1359 1741 1439 1835 est)

238 1871 467 1970 Mystoreuta
495 1874 541 1944 ad
566 1874 681 1945 lineas
711 1873 896 1946 Parrhasii
923 1897 1033 1968 opere
1064 1874 1192 1945 caelato
1217 1873 1438 1956 exornauit³.

238 1999 425 2073 Collooata
465 2011 543 2072 erat
577 2004 655 2074 haec
688 2001 869 2097 Πρόμαχος
907 2001 1001 2070 inter
1042 1998 1232 2095 Propyloea
1272 2011 1309 2072 et
1348 2001 1438 2072 Par·

238 2133 434 2204 thenonem
445 2133 472 2204 ⁴:
509 2131 618 2204 cassis
650 2143 687 2203 et
720 2133 832 2202 hastae
859 2129 978 2224 cuspis
997 2129 1074 2225 jam
1104 2129 1151 2200 ab
1185 2129 1228 2200 iia
1259 2131 1439 2226 conspici·

241 2259 381 2346 ebatur,
419 2261 481 2356 qui
524 2282 679 2356 peregre
719 2258 954 2330 advenientes
989 2255 1144 2327 Sunium
1196 2257 1437 2334 circumnavi-

240 2387 405 2484 garantl',
440 2409 521 2458 cum
556 2383 637 2456 aeria
677 2383 810 2482 fulgor·
836 2385 920 2454 a'e're
953 2379 1110 2454 candido
1152 2392 1189 2454 et
1223 2383 1438 2458 tenuissimo

241 2524 462 2612 propagatus
489 2513 600 2610 longe
620 2510 858 2606 ‚conspicuus
894 2521 1002 2584 esset.
1056 2510 1198 2618 Verum·
1226 2511 1304 2583 aede
1337 2535 1440 2588 sacra

243 2642 360 2716 Pallas
394 2643 514 2717 Polias
548 2641 610 2713 diu
646 2639 802 2752 carebat,
828 2641 904 2714 sive
940 2641 1182 2714 Athenienses
1216 2643 1347 2718 orario
1374 2644 1440 2717 ab·

242 2785 360 2848 sumto
393 2787 531 2849 tantum
561 2775 745 2868 inceptum
773 2773 833 2844 diu
857 2773 1153 2860 reformidabant,
1180 2775 1255 2848 sive
1288 2799 1368 2849 sese
1393 2777 1439 2850 ad
1515 2779 1526 2794 ‘

242 2911 312 2982 hoc
337 2933 427 3006 opus
455 2907 718 2983 intermittente
740 2915 884 2984 tantum,
906 2907 1001 2980 bello
1025 2879 1265 2980 conferebant
1291 2920 1329 2980 et
1357 2911 1441 2982 aub-

241 3039 369 3113 secivis
397 3039 501 3136 quasi
522 3035 653 3133 operis.
709 3033 750 3108 ld
765 3039 913 3107 ,tantum
942 3033 1087 3117 scimus,
1113 3033 1243 3104 Diocle
1264 3035 1439 3106 archonte

242 3173 301 3246 ot.
334 3172 459 3247 xctl.
488 3187 522 3246 4.
561 3197 652 3270 opus
686 3195 730 3244 eo
764 3169 979 3268 perductum
1012 3165 1137 3252 fuisse,
1169 3173 1210 3236 ut
1242 3161 1439 3257 parietibus

243 3303 332 3375 aedia
366 3327 468 3380 noue
504 3315 540 3376 et
579 3301 763 3399 plerisque
797 3296 972 3372 columnis
998 3296 1075 3394 jam
1097 3292 1295 3366 collocatis
1324 3305 1437 3370 totum

243 3445 366 3506 tamen
395 3442 526 3536 tectum
554 3433 676 3504 adhuc
701 3430 867 3502 abesset:
897 3449 1019 3523 neque
1047 3424 1182 3521 scalpta
1208 3435 1332 3500 essent
1356 3450 1440 3523 quae

244 3563 448 3658 scalpendo,
475 3572 512 3633 et
539 3560 700 3656 impolita
722 3582 806 3655 quae
829 3554 998 3652 poliendo
1014 3553 1090 3624 lere
1118 3553 1251 3625 omnia.
1304 3555 1443 3643 Quodsi

284 3825 292 3856 ¹
316 3821 424 3890 Herod.
440 3839 518 3878 vrrs.
534 3825 582 3891 ⁵3,
598 3823 647 3876 55.
866 3818 896 3874 io
910 3814 1029 3872 Androt.
1045 3831 1074 3885 p.
1093 3817 1182 3870 1440.
1195 3811 1242 3867 W.

281 3915 427 3972 ¹Dehoc
442 3913 549 3970 Herod.
567 3929 644 3968 vrrr.
660 3915 707 3969 55.
751 3907 816 3968 ἔστι
906 3905 1441 4004 ⁴Namusap.Patierinbarthelemy.

243 4011 273 4068 ἕν
286 4013 325 4092 τῇ
335 4009 474 4092 ἀκροπόλι
484 4010 578 4088 ταύτῃ
590 4006 750 4087 Ἐρεχθῆος
765 4001 818 4061 τοῦ
869 4001 973 4061 Stuart.

244 4102 373 4174 γηγενέος
394 4099 544 4175 λεγομένου
558 4095 625 4156 εἶναι
643 4095 703 4164 νηός
745 4093 817 4162 Quae
906 4095 972 4154 ⁵ld
1006 4115 1059 4152 uon
1103 4105 1161 4152 tam
1212 4094 1307 4162 miror,
1356 4113 1441 4171 quum

245 4195 350 4270 scripta
363 4207 430 4272 puto
443 4197 495 4254 aab
514 4192 628 4253 tertium
643 4191 700 4248 lere
713 4207 817 4246 annum
868 4199 978 4249 scutum
1012 4192 1040 4248 in
1081 4188 1215 4264 Acropoli
1249 4191 1390 4248 sublatum
1425 4213 1442 4250 a

245 4287 312 4346 belli
326 4287 563 4366 Peloponnesiaci.
869 4283 973 4357 Peraia,
998 4305 1061 4344 cum
1091 4285 1258 4354 Marathone
1285 4286 1441 4360 solvissent,

285 4379 297 4410 ³
318 4383 404 4442 Paua.
414 4385 438 4442 1.
448 4389 503 4442 28.
515 4389 544 4442 2.
565 4380 603 4438 ei.
617 4379 770 4439 nemora.
785 4379 819 4436 de
869 4383 991 4457 conspici
1008 4383 1137 4458 potuisse.
1181 4382 1286 4444 Herod.
1303 4385 1357 4445 Vl.
1373 4390 1442 4444 115.

233 4475 300 4550 ,leg⁸
312 4475 386 4537 laisa
399 4485 468 4541 428.
484 4487 532 4538 14.
560 4476 655 4539 Schol.
670 4475 819 4534 Demosth.
873 4483 941 4534 124.
