3158 5104
1050 461 1053 470 ·
1118 424 1260 510 [Cursu.
1284 423 1330 490 ll.

415 841 568 928 Cures.
597 842 663 926 ΙΙ.
717 844 866 926 lusce.
893 843 1043 928 XVII.

497 1103 611 1180 VAS
657 1103 966 1180 SlCULUM.
1076 1128 1086 1188 ‚¹

543 1341 635 1400 ΤΑΒ.
657 1341 727 1402 llll.
770 1343 845 1401 Flo.
866 1341 919 1402 lV'.

654 1569 803 1614 -4—

158 1765 303 1834 Viscoull
325 1765 355 1828 iu
374 1763 466 1828 Actis
485 1762 623 1828 luetilul.
642 1763 729 1830 Gall.
747 1763 833 1830 Hist.
853 1778 884 1828 et
903 1763 980 1828 Liu.
998 1762 1096 1830 Toru.
1116 1765 1180 1830 lll.
1206 1791 1237 1852 p.
1254 1775 1307 1834 88.

206 1957 299 2044 Vrs
332 1967 393 2066 (ex
429 1989 556 2041 eorum
589 1989 728 2068 genere
767 1991 850 2065 quae
888 1961 1057 2054 μονωτιδει·
1093 1967 1332 2066 appellantur)

130 2107 169 2180 in
191 2101 314 2180 Sicilia
334 2115 516 2204 repertum
541 2129 641 2180 nunc
662 2101 812 2178 Parisiis
835 2115 996 2179 servetur
1018 2105 1115 2202 apud
1136 2099 1333 2179 Dominum

129 2233 287 2314 ‘l'dchon
320 2237 525 2338 d’Auuecy.
576 2233 807 2313 Subrubrum
834 2239 902 2325 est,
941 2241 980 2310 ut
1007 2236 1180 2334 pleraque
1210 2235 1335 2336 hujus·

132 2380 228 2454 rnodi
251 2404 347 2471 vase,
378 2390 417 2454 et
439 2379 477 2454 iu
502 2403 547 2452 ee
569 2375 755 2478 effingitur
779 2374 939 2477 nymphe
964 2401 1048 2472 qure
1073 2389 1191 2452 vestes
1209 2371 1336 2450 leviter

128 2507 298 2586 attollens
326 2535 376 2586 ue
410 2534 506 2610 eque
537 2520 841 2610 conspergentur,
878 2511 925 2584 ud
956 2503 1093 2584 fontem
1121 2505 1263 2584 accedit
1295 2521 1335 2582 ut

129 2667 192 2716 ves
213 2665 321 2739 equae
338 2639 487 2738 plenum
512 2635 657 2716 referet.
709 2641 820 2741 Aque
840 2653 963 2716 eutem
988 2666 1035 2715 ex
1059 2666 1122 2715 ore
1145 2635 1261 2716 leonis
1279 2641 1334 2716 vel

130 2743 312 2873 ejuimodi
334 2771 499 2846 animalis
529 2763 709 2868 prolluil¹.
771 2759 921 2874 Figurae
950 2798 1077 2848 omnes
1106 2775 1235 2873 nigrae,
1265 2773 1332 2846 nisi

130 2905 232 3006 quod
265 2907 438 3008 nymphae
478 2903 596 2982 cernis
636 2899 813 2982 candidus
845 2901 949 2982 color
982 2903 1040 2984 eit.
1097 2909 1216 2981 Verba
1251 2931 1334 3004 quae

130 3037 168 3110 iu
188 3109 192 3118 ,
210 3057 296 3110 vase
339 3031 587 3113 inscribuntur
626 3029 836 3110 Vincentius
868 3036 920 3110 itu
954 3033 1044 3137 legit
1074 3047 1183 3152 elque
1224 3031 1334 3110 inter-

130 3175 308 3264 pretatur,

54 3289 62 3296 ‘
562 3277 670 3366 Δεχε,
694 3297 793 3366 rupe,
817 3295 913 3340 eruco.

488 3417 645 3516 Accipe,
669 3439 787 3506 serve,
814 3417 970 3515 posside.

209 3559 312 3637 Idem
346 3559 522 3660 loquendi
559 3586 679 3662 genus
715 3559 811 3658 apud
850 3559 1002 3638 lulinos
1032 3561 1186 3638 veluisee
1221 3567 1336 3658 putet,

131 3701 212 3774 hrec
238 3697 351 3772 verbu
377 3721 398 3770 e
425 3718 510 3771 ruse
537 3696 692 3792 quodem
719 3707 898 3797 ergedteo
924 3695 1054 3780 citans,

512 3839 710 3941 Pelegriue
736 3854 838 3916 utere
860 3842 962 3940 felix.

172 4043 217 4076 ¹“
225 4038 375 4117 Ejusmodi
384 4037 476 4096 fontes
485 4035 626 4113 imprimis
636 4038 708 4113 apud
762 4037 891 4116 AEgyptii
917 4037 947 4096 iu
983 4036 1096 4097 ltaliam
1131 4047 1160 4096 et
1191 4035 1335 4096 Graeeieur

134 4134 272 4212 Egyptioe
285 4133 362 4194 lecti.
405 4133 464 4192 Leo
483 4131 556 4193 Hori
572 4132 618 4192 vel
636 4133 710 4192 Solle
760 4135 834 4192 hunc
860 4153 967 4196 morem
992 4136 1136 4196 induxere.
1173 4135 1247 4193 Fons
1279 4135 1336 4189 Ar·

133 4230 225 4289 reetivi
251 4240 336 4308 typus
360 4238 420 4289 eret
441 4235 521 4308 eujus
546 4230 597 4288 sub
623 4229 709 4287 radiis
759 4231 867 4290 lacinus
913 4233 1009 4291 eodem
1048 4232 1133 4290 modu
1179 4225 1337 4304 depingitur

133 4347 207 4406 eque
233 4327 294 4388 Nili
317 4349 332 4388 e
358 4329 426 4406 ripis
452 4329 565 4387 effluens
594 4346 709 4404 campos
758 4327 787 4384 iu
815 4345 869 4384 aere
900 4327 973 4404 epud
1009 4328 1190 4387 Kirelrerum.
1244 4324 1336 4402 (Mus.

135 4427 284 4505 Egyplioe
330 4428 480 4488 secundat.
546 4424 707 4503 (Hurepoll.
761 4425 863 4486 Kirch.
886 4425 1018 4488 Murrum.
1043 4427 1115 4489 Tau.
1137 4425 1224 4510 w)
1271 4419 1337 4478 Vis·

134 4521 262 4603 Hierugl.
286 4524 308 4584 1.
333 4545 361 4586 r.
384 4529 431 4596 17,
454 4535 483 4583 et
507 4527 566 4598 18.)
608 4519 708 4583 Coloni
759 4521 845 4581 conti.
