3196 5100
183 401 293 466 Sacr.
314 390 376 466 rt]
619 402 963 460 rnoueuouaua.
1309 387 1378 462 217

183 575 324 672 ubique
364 575 609 642 memorantur
649 588 672 638 a
718 564 883 637 ludorum
923 559 1119 635 victoribus
1158 558 1196 630 in
1240 521 1383 656 insigne

185 705 339 809 pietatis,
368 705 491 789 eredo,
519 701 659 773 dicatae.
714 697 878 770 Coronas
903 675 1050 792 quoque
1072 691 1267 789 hospitales
1287 691 1384 784 (ξιιι-

183 841 272 932 κοῦς)
298 861 381 937 quse
407 836 441 908 in
456 809 602 907 theatro
628 830 938 927 proclamarentur
962 848 1081 898 sacras
1101 849 1181 898 esse
1202 821 1385 896 Minervas

185 975 287 1073 leges
321 941 453 1041 duticae
476 964 660 1065 jusseie¹.
715 959 871 1058 Ποτῆρια
898 981 1057 1057 quoque,
1085 959 1220 1058 φιάλαι,
1245 958 1383 1038 κύλικες,

185 1105 355 1204 καρχήσια
380 1112 418 1174 et
447 1099 574 1198 κέρατα
607 1095 761 1192 plurima
790 1095 892 1166 fuere
927 1115 1010 1189 quae
1045 1089 1222 1189 religione
1253 1088 1382 1162 imbuti

185 1242 352 1318 homines
381 1247 504 1335 utpote
535 1237 645 1328 (teste
678 1197 897 1316 Arnenaeot)
927 1223 1045 1308 κτῆμά
1066 1222 1275 1306 τιμιώτατον
1303 1217 1385 1292 Diis

186 1380 283 1451 dono
315 1373 459 1446 dedere.
515 1365 586 1456 Qui
621 1365 665 1435 de
699 1362 754 1432 his
794 1356 967 1452 omnique
998 1353 1208 1450 poculorum
1244 1373 1384 1450 genere

184 1509 289 1608 plura
307 1504 399 1577 scire
412 1469 509 1586 velit,
529 1469 748 1570 Athenaeum
764 1489 845 1561 fuse
857 1498 969 1583 atque
986 1485 1185 1556 secundum
1200 1483 1384 1555 literarum
1402 1517 1413 1522 -

186 1638 348 1712 ordinem
372 1634 418 1705 de
438 1628 607 1703 omnibus
627 1624 661 1696 in
676 1617 875 1694 undecimo
892 1615 986 1687 libro
1005 1613 1248 1710 disputantem
1268 1611 1385 1684 adeat.

186 1767 260 1842 Sed
278 1780 314 1841 et
327 1767 450 1863 Λύχνοι
467 1782 613 1860 quoque
627 1769 738 1854 atque
753 1749 1005 1850 ἁπορραντὴρια
1027 1729 1064 1819 et
1082 1747 1193 1820 muita
1210 1743 1386 1846 ejusmodi

185 1901 257 1973 alia
273 1907 527 1972 memorantur.
569 1887 739 1961 Pondere
758 1905 905 1980 quoque
921 1903 1061 1954 summa
1080 1903 1167 1952 cura
1181 1877 1386 1961 traduntur,

186 2056 236 2104 ne
269 2024 492 2102 fraudulenti
529 2017 694 2093 homines
728 2035 857 2084 aurum
891 2011 983 2082 vasis
1019 2011 1237 2082 detererent.
1295 2006 1387 2097 Quae

185 2162 351 2243 ἄσταθμα
367 2154 482 2226 fuisse
496 2148 677 2227 dicuntur,
702 2163 756 2222 ea,
780 2137 902 2219 credo,
925 2135 963 2207 in
987 2137 1061 2206 suis
1075 2136 1166 2208 locis
1183 2137 1254 2210 fixa
1271 2149 1387 2225 erant,

188 2297 243 2366 ita
270 2303 310 2362 ut
339 2289 385 2359 de
408 2303 532 2356 eorum
554 2271 773 2373 ponderibus
793 2267 967 2340 certiores
992 2260 1071 2334 fieri
1097 2265 1305 2352 Quaestores
1324 2293 1387 2340 ne·

190 2422 384 2526 quiverint.
437 2413 544 2506 Quod
569 2409 651 2481 loca
671 2401 802 2502 attinet
825 2396 958 2495 quibus
977 2395 1213 2466 servabantur
1230 2399 1389 2498 thesauri

189 2553 343 2632 difficilis
369 2551 477 2650 piane
504 2555 559 2619 est
591 2536 752 2638 quaestio.
806 2531 849 2604 ln
876 2527 962 2626 ipsis
992 2523 1232 2598 marmoribus
1260 2525 1320 2599 atii
1349 2527 1386 2599 io

191 2690 438 2774 Parthenone,
465 2679 525 2754 alii
554 2679 589 2749 in
618 2665 905 2764 Hecatompedo,
934 2660 996 2735 alii
1025 2661 1060 2732 in
1081 2655 1204 2732 antico
1223 2655 1389 2754 (Parthe-

192 2819 309 2913 nonis)
338 2817 466 2892 servati
494 2835 572 2885 esse
597 2805 780 2878 dicuntur.
835 2794 928 2867 Cum
955 2803 1078 2864 autem
1110 2789 1322 2862 Parthenon
1352 2799 1389 2862 et

193 2951 495 3048 Hecatompedon
505 2951 592 3015 sunt
606 2935 765 3016 eadem³,
779 2929 888 2999 iidem
902 2936 1022 2996 autem
1034 2921 1196 2997 thesauri
1212 2923 1247 2994 in
1261 2920 1388 2992 eodem

190 3111 334 3189 semper
359 3085 440 3155 loco
460 3075 691 3147 servarentur
707 3058 757 3151 (id
775 3054 872 3149 quod
892 3063 927 3122 et
954 3050 1083 3122 rationi
1103 3052 1387 3122 consentaneum

188 3237 258 3314 est,
285 3231 322 3294 et
351 3213 420 3287 aha
453 3232 499 3281 ex
529 3203 585 3276 his
618 3188 882 3268 marmoribus⁴
914 3205 1037 3257 verum
1063 3205 1143 3254 ease
1174 3182 1387 3273 ostendunt)

189 3349 320 3455 quidni
356 3343 504 3418 eosdem
540 3334 728 3407 thesauros
765 3322 799 3392 in
837 3315 1071 3389 Parthenone
1111 3335 1154 3384 ac
1193 3310 1230 3383 in
1267 3311 1389 3385 Heca-

194 3481 364 3579 tompedo
417 3475 629 3546 memoratos
679 3479 757 3530 esse
811 3445 1066 3522 inveniamus?
1107 3445 1216 3535 Quod
1265 3456 1387 3516 tamen

95 3685 100 3702 .
191 3619 338 3697 minime
373 3632 510 3693 verum,
546 3611 587 3676 ut
622 3589 859 3670 marmoribus
893 3582 1009 3680 primo
1038 3593 1075 3657 et
1109 3579 1217 3654 tertio
1251 3579 1387 3651 collatis

234 3793 306 3852 ¹Cf.
323 3789 421 3850 AEsch.
441 3805 465 3843 c.
480 3784 558 3841 Ctes.
576 3797 604 3854 p.
621 3779 692 3835 382.
710 3769 765 3846 (ed.
857 3762 868 3793 ¹
890 3757 936 3817 cf.
951 3759 1083 3816 Marmor
1103 3755 1126 3814 1.
1149 3756 1231 3831 hujus
1250 3753 1388 3819 sectionis,

194 3891 291 3972 Τῷ)
816 3859 895 3935 cujus
917 3858 946 3913 in
966 3865 1081 3932 utroque
1101 3855 1187 3914 latere
1209 3865 1389 3916 recensentur

234 4037 248 4069 π
816 3953 939 4012 thesauri
955 3951 1166 4026 Hecatompedo
1178 3951 1326 4010 asservati.
1340 3950 1387 4010 Cf.

269 4020 627 4102 A¹h⁹⁰·XI·P·7⁸¹·C'
661 4016 767 4090 ΒΨ
816 4070 923 4130 quoque
953 4057 1100 4124 utrumque
1131 4046 1203 4106 latus
1237 4048 1390 4107 marmoris

192 4128 278 4234 ⁰⁰.¹.¹i⁸
298 4127 327 4185 in
347 4124 426 4229 d⁰¹¹i³
451 4121 636 4196 ⁰¹¹J¹¹⁸⁰¹¹¹¹q¹¹⁸
658 4110 766 4219 weris
817 4145 868 4214 lt..
889 4147 934 4204 ubi
949 4145 1043 4202 Antici
1064 4144 1186 4201 thesauri
1201 4153 1386 4214 recensentur,

195 4227 262 4284 Dm
273 4220 425 4280 tribuessdss
438 4213 579 4294 0¹⁰ss³¹¹d²
592 4209 629 4270 es·
645 4213 765 4268 Answt‘
787 4230 790 4236 ¹
814 4254 842 4300 et
863 4225 972 4300 eredem
995 4237 1164 4314 rea'ubique
1188 4249 1387 4297 memorentur.

196 4315 460 4376 E²¹¹·Ni⁰·¹v·⁵·
502 4413 507 4422 ι
816 4337 899 4407 Qurid
921 4337 1070 4396 Osannum
1091 4335 1132 4409 (p.
1153 4329 1216 4406 63.)
1237 4346 1386 4411 negantem

234 4445 246 4477 ⁵
268 4444 313 4503 Cf.
329 4451 455 4501 auctores
473 4437 635 4527 obituram
654 4434 765 4501 citatos,
815 4436 910 4494 miror.
955 4433 1000 4491 De
1020 4451 1074 4510 qus
1093 4447 1122 4486 re
1144 4428 1292 4504 adipsum
1310 4449 1388 4508 mar·

193 4539 411 4617 Cecrop.c.2.·
447 4553 453 4560 ·
817 4550 879 4588 mor
898 4527 966 4586 dixi.
1037 4551 1040 4556 ¹

818 4618 1089 4704 Ἐπ’
