3158 5104
169 379 300 448 lusca.
324 373 399 456 vt]
741 381 810 442 tro

158 549 281 648 Ἀρχσι
313 549 430 648 xpo‘roe
459 545 557 624 τοῦδε
592 555 825 650 ψηφίσματος.
870 551 915 624 Ἠ
941 551 1064 642 βουλή,
1099 556 1130 625 oi
1163 557 1377 630 πεντακόσιοί

169 687 334 786 λάχοντες
358 693 409 781 τῷ
430 685 541 772 aurium
559 687 619 762 trs
638 688 830 784 Κλεογένης
847 694 981 787 πρότω
1000 687 1237 786 &patrocinans
1249 689 1272 764 ¹.
1315 691 1373 765 Er

170 822 254 920 ipso
287 820 481 896 Andocide·
510 823 595 898 setis
630 835 732 922 patet·
767 825 838 900 hoc
874 825 1060 899 decretum
1094 827 1139 898 ad
1174 837 1318 922 tempus
1351 850 1376 902 a

173 949 290 1024 nostri
308 950 493 1024 marmoris
518 963 680 1050 tempore
699 955 795 1026 haud
819 950 1060 1051 longinquum
1083 953 1209 1028 referri
1227 955 1372 1030 debere.

175 1083 310 1162 Similis
352 1085 487 1158 decreti
531 1096 614 1181 post
663 1084 814 1183 triginta
855 1095 1029 1183 tyrannos
1078 1086 1246 1182 expulsos
1286 1087 1374 1162 facti

177 1211 341 1286 meminit
382 1212 596 1314 Lycurgus⁹
639 1217 738 1315 quod
779 1215 875 1290 idem
918 1238 997 1290 esse
1038 1240 1119 1289 cum
1162 1219 1375 1294 Andocideo

177 1351 339 1416 statuere
376 1341 518 1418 Potitus
559 1355 596 1418 et
632 1345 693 1418 alii
732 1347 828 1418 haud
859 1345 946 1418 satis
978 1345 1118 1420 idoneis
1151 1350 1376 1448 argumentis

178 1472 276 1547 freti.
329 1472 452 1548 Verba
469 1476 566 1550 enim
587 1479 761 1550 decretio
780 1478 953 1576 Lycurgo
976 1480 1114 1576 prolata
1131 1503 1213 1556 cum
1231 1483 1379 1556 decreto

177 1607 276 1704 apud
305 1608 531 1682 Andocidem
563 1609 711 1682 minime
737 1619 959 1708 congruunt.
1013 1613 1263 1688 Andocideum
1287 1634 1379 1712 ergo

179 1744 366 1816 decretum
393 1767 439 1818 eo
465 1769 563 1820 anno
588 1749 687 1844 quod
713 1747 859 1844 respicit
882 1759 1007 1823 nostra
1029 1751 1216 1850 inscriptio
1242 1755 1377 1828 factum

180 1897 260 1947 esse
289 1873 532 1952 Barthelemio
565 1889 604 1952 et
630 1879 794 1954 Bbckhio
819 1883 933 1954 visum
966 1895 1032 1956 est.
1088 1887 1117 1960 Α
1148 1888 1280 1985 quibus
1306 1913 1381 1987 ego

181 2031 255 2081 non
276 1982 459 2084 dissentio.
514 2011 729 2110 Legendum
753 1991 855 2112 ergo,
882 2024 923 2087 ut
947 2026 1055 2090 antea
1080 2018 1167 2106 dixi,
1193 2028 1379 2117 Κλεαγενες

182 2161 249 2235 pro
276 2145 455 2233 karpau.

261 2267 304 2342 L.
328 2283 360 2340 2.
402 2277 542 2369 Ηιερῶγ
565 2270 760 2369 χρημάτων.
813 2270 921 2362 Quod
947 2273 1180 2350 mutationem
1208 2279 1380 2356 elementi

185 2432 204 2470 ν
227 2398 264 2472 iu
289 2433 316 2494 γ
341 2411 427 2478 ante
452 2436 479 2501 χ
503 2400 696 2480 attinetcf
717 2400 989 2476 Praefationem.

252 2533 442 2613 Ἑππείων.
497 2534 663 2632 Vectigal
688 2557 850 2608 annuum
873 2537 971 2633 quod
996 2539 1129 2635 tempto
1153 2541 1385 2638 pendebatur

179 2663 241 2738 bic
281 2665 385 2740 innui
427 2675 559 2764 putant
597 2666 862 2742 berthelemius
908 2680 945 2743 et
991 2671 1189 2748 Bdckhius.
1243 2675 1384 2751 Vocem·

183 2793 331 2891 quidem
357 2795 427 2868 hoc
453 2819 561 2868 sensu
586 2818 659 2866 non
683 2806 890 2892 agnoscunt
912 2796 1060 2885 Larice,
1086 2803 1186 2898 quod
1209 2803 1385 2878 effecerat

182 2937 223 3000 ut
248 2928 294 3000 de
318 2927 388 3014 alia
409 2952 554 3025 prorsus
579 2927 875 3022 interpretatione
902 2927 939 2999 in
967 2933 1204 3026 sequentibus
1230 2933 1383 3031 inscrip-

182 3060 342 3134 tionibus
368 3060 577 3159 cogitarem,
604 3059 810 3156 quodcum
839 3058 1042 3134 Bbckhinm
1067 3063 1299 3156 monuissem,
1328 3067 1384 3140 his

222 3261 231 3294 ¹
255 3259 389 3317 Coruinus
415 3261 500 3335 (quod
528 3261 556 3316 in
584 3255 632 3314 iilo
659 3255 757 3326 miror)
799 3251 907 3334 Ἀρχει
937 3253 1044 3337 χρόνον
1075 3255 1160 3315 τοῦδε
1186 3263 1383 3337 ψηφίσματος

180 3359 284 3419 ultima
316 3357 437 3434 pessime
469 3357 563 3416 vertit.
613 3363 632 3391 “
649 3351 757 3427 Incipit
806 3357 825 3422 'i
862 3351 955 3426 ssoubn
968 3357 995 3411 oi
1033 3377 1217 3415 πεντακοσιοι
1257 3383 1282 3413 κ.
1296 3363 1385 3417 'nimi

180 3455 263 3532 depos
288 3452 392 3512 decreti
418 3461 533 3530 tempus.
586 3451 705 3509 Senatus
729 3455 754 3504 rt
807 3449 900 3506 “Hoc
929 3449 1065 3506 decretum
1092 3450 1148 3507 cim
1174 3451 1385 3527 hebetesque

180 3550 326 3627 quingenti
344 3549 480 3628 sudorum
507 3548 643 3626 suffragio
677 3543 756 3604 eiecti
806 3566 892 3604 nouus
923 3546 1132 3626 quingentorum
1161 3558 1281 3620 renatus,
1309 3547 1385 3606 trito

179 3648 252 3718 dcl'
282 3647 389 3704 Debuit
402 3653 496 3704 autem
511 3656 528 3681 ‘¹
537 3644 655 3702 Senatus
668 3642 758 3718 (quio
808 3643 941 3700 AEurrtide
986 3644 1150 3720 proesr'dente
1197 3647 1383 3722 Cleogeaeque

180 3741 263 3822 genti
301 3741 407 3800 scilicet
431 3741 567 3822 sudorum
599 3740 678 3813 def)
713 3737 758 3794 vel
807 3739 903 3796 scribo
915 3757 1023 3795 monere
1024 3737 1175 3819 fungente,
1189 3736 1299 3796 dubitus
1315 3738 1385 3800 rit.’'

61 3875 69 3890 .
183 3836 340 3897 “Senatus
368 3835 607 3914 puingerrtorum.''
655 3835 760 3891 Praeter
811 3838 841 3895 S.
865 3836 971 3894 Potitus
1000 3837 1110 3913 quidem
1139 3837 1220 3912 (Leg.
1247 3843 1298 3894 att.
1327 3838 1384 3896 111.

183 3935 348 4012 quingentos
360 3933 435 3992 enim
450 3932 511 4007 quis
521 3929 590 3988 alius
600 3937 661 3987 erat
675 3929 761 3986 Sena·
809 3931 844 3990 T.
869 3931 908 3990 ii.
941 3951 968 4006 p.
988 3935 1069 4005 232.)
1096 3932 1192 3990 eodem
1220 3931 1276 3990 iere
1300 3933 1384 3990 modo

183 4035 246 4088 uni
262 4031 317 4090 Sed
326 4028 396 4090 nihil
406 4030 461 4086 hec
469 4025 607 4085 locutione
617 4023 760 4098 vulgarius
810 4025 914 4098 iocum,
950 4037 982 4086 ut
1007 4043 1082 4088 nuno
1107 4027 1262 4098 exhibetur,
1292 4028 1387 4088 vertit.

185 4129 205 4196 η’
217 4126 322 4200 βουλή,
337 4122 560 4186 οέιπεντακόσιοι
573 4121 759 4198 ρῐοήβουλῆ
810 4124 948 4200 “Incipit
975 4133 1080 4201 tempus
1103 4126 1185 4203 ltttjtte
1213 4127 1387 4203 Peepkt'tma·

185 4223 245 4280 τᾶν
255 4225 456 4283 πεντακοσίων.
493 4219 584 4279 Locus
598 4221 760 4297 eutemipee
811 4222 849 4278 tis
881 4241 914 4278 er
946 4243 1009 4298 quo,
1048 4224 1256 4302 quingentorum
1290 4231 1387 4282 eeootu

188 4317 259 4374 mibi
272 4327 415 4394 cormptus
435 4317 553 4376 videtur.
593 4316 670 4385 Quid
687 4318 760 4375 enim
811 4325 886 4374 sorte
896 4327 990 4391 copto,
1009 4318 1157 4397 Cleogerrer
1164 4321 1283 4392 primum
1296 4318 1387 4376 scribo

191 4411 242 4480 eibi
256 4413 354 4472 t'olttni.
366 4414 537 4497 isia'Apxer
555 4411 660 4494 χρόνον
676 4414 759 4470 τοῦδε
812 4410 901 4470 erat.''

191 4510 405 4587 ψηφὴνματοςὲ
439 4507 515 4580 Quid
547 4509 570 4566 si
596 4507 760 4584 legeremus.
852 4504 1008 4580 ’Lycurg
1022 4507 1087 4566 adv.
1104 4506 1200 4564 Lector.
1216 4524 1242 4579 p.
1261 4501 1326 4562 165.
