<?xml version="1.0" encoding="UTF-8"?>
<!DOCTYPE html PUBLIC "-//W3C//DTD XHTML 1.0 Transitional//EN"
    "http://www.w3.org/TR/xhtml1/DTD/xhtml1-transitional.dtd">
<html xmlns="http://www.w3.org/1999/xhtml" xml:lang="en" lang="en">
 <head>
  <title>
</title>
<meta http-equiv="Content-Type" content="text/html;charset=utf-8" />
  <meta name='ocr-system' content='tesseract 3.04.00' />
  <meta name='ocr-capabilities' content='ocr_page ocr_carea ocr_par ocr_line ocrx_word'/>
</head>
<body>
  <div class='ocr_page' id='page_1' title='image "./inscriptionesgr00rosegoog_0056.png"; bbox 0 0 3176 5094; ppageno 0'>
   <div class='ocr_carea' id='block_1_1' title="bbox 600 385 1372 459">
    <p class='ocr_par' dir='ltr' id='par_1_1' title="bbox 600 385 1372 459">
     <span class='ocr_line' id='line_1_1' title="bbox 600 385 1372 459; baseline 0.006 -5"><span class='ocrx_word' id='word_1_1' title='bbox 600 403 945 458; x_wconf 78' lang='lat' dir='ltr'><strong>rsoncsosrcar.</strong></span> <span class='ocrx_word' id='word_1_2' title='bbox 1287 385 1372 459; x_wconf 81' lang='lat' dir='ltr'><strong>xxix</strong></span> 
     </span>
    </p>
   </div>
   <div class='ocr_carea' id='block_1_2' title="bbox 170 553 1383 2966">
    <p class='ocr_par' dir='ltr' id='par_1_2' title="bbox 170 553 1383 2966">
     <span class='ocr_line' id='line_1_2' title="bbox 172 553 1370 654; baseline 0.001 -24"><span class='ocrx_word' id='word_1_3' title='bbox 172 553 309 630; x_wconf 77' lang='lat' dir='ltr'>literam</span> <span class='ocrx_word' id='word_1_4' title='bbox 327 577 403 626; x_wconf 90' lang='lat' dir='ltr'><strong>non</strong></span> <span class='ocrx_word' id='word_1_5' title='bbox 422 576 503 626; x_wconf 87' lang='lat' dir='ltr'><strong>ease</strong></span> <span class='ocrx_word' id='word_1_6' title='bbox 520 555 755 638; x_wconf 87' lang='lat' dir='ltr'><strong>ostendimus,</strong></span> <span class='ocrx_word' id='word_1_7' title='bbox 779 558 841 628; x_wconf 86' lang='lat' dir='ltr'><strong>sed</strong></span> <span class='ocrx_word' id='word_1_8' title='bbox 858 568 979 628; x_wconf 89' lang='lat' dir='ltr'><strong>notam</strong></span> <span class='ocrx_word' id='word_1_9' title='bbox 996 556 1235 651; x_wconf 88' lang='lat' dir='ltr'><strong>aspirationis,</strong></span> <span class='ocrx_word' id='word_1_10' title='bbox 1263 583 1370 654; x_wconf 85' lang='lat' dir='ltr'><strong>quum</strong></span> 
     </span>
     <span class='ocr_line' id='line_1_3' title="bbox 171 679 1374 776; baseline 0 -20"><span class='ocrx_word' id='word_1_11' title='bbox 171 683 389 756; x_wconf 85' lang='lat' dir='ltr'><strong>Graecorum</strong></span> <span class='ocrx_word' id='word_1_12' title='bbox 408 679 647 776; x_wconf 80' lang='lat' dir='ltr'><strong>antiquissimi</strong></span> <span class='ocrx_word' id='word_1_13' title='bbox 665 681 841 764; x_wconf 87' lang='lat' dir='ltr'><strong>similiter,</strong></span> <span class='ocrx_word' id='word_1_14' title='bbox 869 693 908 753; x_wconf 93' lang='lat' dir='ltr'><strong>ut</strong></span> <span class='ocrx_word' id='word_1_15' title='bbox 932 681 1067 770; x_wconf 74' lang='lat' dir='ltr'><strong>latini,</strong></span> <span class='ocrx_word' id='word_1_16' title='bbox 1095 683 1259 756; x_wconf 86' lang='lat' dir='ltr'><strong>inversu</strong></span> <span class='ocrx_word' id='word_1_17' title='bbox 1287 687 1374 757; x_wconf 84' lang='lat' dir='ltr'><strong>scri·</strong></span> 
     </span>
     <span class='ocr_line' id='line_1_4' title="bbox 170 801 1372 904; baseline 0 -22"><span class='ocrx_word' id='word_1_18' title='bbox 170 808 342 882; x_wconf 89' lang='lat' dir='ltr'><strong>bebant.”</strong></span> <span class='ocrx_word' id='word_1_19' title='bbox 398 803 555 901; x_wconf 80' lang='lat' dir='ltr'><strong>Legitur</strong></span> <span class='ocrx_word' id='word_1_20' title='bbox 587 803 625 874; x_wconf 93' lang='lat' dir='ltr'><strong>iu</strong></span> <span class='ocrx_word' id='word_1_21' title='bbox 645 801 754 902; x_wconf 82' lang='lat' dir='ltr'><strong>Sigea</strong></span> <span class='ocrx_word' id='word_1_22' title='bbox 779 805 910 904; x_wconf 84' lang='lat' dir='ltr'><strong>(Class.</strong></span> <span class='ocrx_word' id='word_1_23' title='bbox 931 831 955 878; x_wconf 88' lang='lat' dir='ltr'><strong>r.</strong></span> <span class='ocrx_word' id='word_1_24' title='bbox 983 806 1025 898; x_wconf 85' lang='lat'><strong>1.)</strong></span> <span class='ocrx_word' id='word_1_25' title='bbox 1056 818 1092 878; x_wconf 90' lang='lat' dir='ltr'><strong>et</strong></span> <span class='ocrx_word' id='word_1_26' title='bbox 1121 807 1295 882; x_wconf 76' lang='lat' dir='ltr'><strong>Larissaea</strong></span> <span class='ocrx_word' id='word_1_27' title='bbox 1319 813 1372 883; x_wconf 89' lang='lat' dir='ltr'><strong>in-</strong></span> 
     </span>
     <span class='ocr_line' id='line_1_5' title="bbox 171 931 1375 1033; baseline -0.002 -25"><span class='ocrx_word' id='word_1_28' title='bbox 171 933 425 1030; x_wconf 75' lang='lat' dir='ltr'><strong>scriptionibus</strong></span> <span class='ocrx_word' id='word_1_29' title='bbox 454 931 586 1026; x_wconf 86' lang='lat' dir='ltr'><strong>(Ciass.</strong></span> <span class='ocrx_word' id='word_1_30' title='bbox 602 956 644 1003; x_wconf 90' lang='lat'><strong>11.</strong></span> <span class='ocrx_word' id='word_1_31' title='bbox 658 934 709 1023; x_wconf 84' lang='lat' dir='ltr'><strong>x.)</strong></span> <span class='ocrx_word' id='word_1_32' title='bbox 738 944 775 1005; x_wconf 88' lang='lat' dir='ltr'><strong>et</strong></span> <span class='ocrx_word' id='word_1_33' title='bbox 801 933 835 1002; x_wconf 91' lang='lat' dir='ltr'><strong>in</strong></span> <span class='ocrx_word' id='word_1_34' title='bbox 859 957 931 1004; x_wconf 92' lang='lat' dir='ltr'><strong>una</strong></span> <span class='ocrx_word' id='word_1_35' title='bbox 953 956 999 1005; x_wconf 85' lang='lat' dir='ltr'><strong>ex</strong></span> <span class='ocrx_word' id='word_1_36' title='bbox 1022 933 1243 1029; x_wconf 77' lang='lat' dir='ltr'><strong>Olympiacis</strong></span> <span class='ocrx_word' id='word_1_37' title='bbox 1259 935 1375 1033; x_wconf 83' lang='lat' dir='ltr'><strong>galeis</strong></span> 
     </span>
     <span class='ocr_line' id='line_1_6' title="bbox 174 1060 1377 1159; baseline 0.002 -23"><span class='ocrx_word' id='word_1_38' title='bbox 174 1065 306 1159; x_wconf 87' lang='lat' dir='ltr'><strong>(Class.</strong></span> <span class='ocrx_word' id='word_1_39' title='bbox 323 1087 368 1135; x_wconf 90' lang='lat'><strong>11.</strong></span> <span class='ocrx_word' id='word_1_40' title='bbox 390 1060 456 1151; x_wconf 86' lang='lat' dir='ltr'><strong>vr.)</strong></span> <span class='ocrx_word' id='word_1_41' title='bbox 471 1061 639 1133; x_wconf 90' lang='lat' dir='ltr'><strong>omnibus</strong></span> <span class='ocrx_word' id='word_1_42' title='bbox 656 1061 795 1134; x_wconf 84' lang='lat' dir='ltr'><strong>scilicet</strong></span> <span class='ocrx_word' id='word_1_43' title='bbox 811 1064 1041 1157; x_wconf 83' lang='lat' dir='ltr'><strong>pervetustis.</strong></span> <span class='ocrx_word' id='word_1_44' title='bbox 1082 1064 1189 1152; x_wconf 87' lang='lat' dir='ltr'><strong>Quod</strong></span> <span class='ocrx_word' id='word_1_45' title='bbox 1209 1090 1377 1138; x_wconf 87' lang='lat' dir='ltr'><strong>nummos</strong></span> 
     </span>
     <span class='ocr_line' id='line_1_7' title="bbox 176 1171 1375 1293; baseline -0.002 -23"><span class='ocrx_word' id='word_1_46' title='bbox 176 1171 324 1293; x_wconf 84' lang='lat' dir='ltr'><strong>quoque</strong></span> <span class='ocrx_word' id='word_1_47' title='bbox 340 1193 482 1280; x_wconf 77' lang='lat' dir='ltr'><strong>attinet,</strong></span> <span class='ocrx_word' id='word_1_48' title='bbox 511 1193 647 1290; x_wconf 81' lang='lat' dir='ltr'><strong>legitur</strong></span> <span class='ocrx_word' id='word_1_49' title='bbox 673 1217 770 1289; x_wconf 87' lang='lat' dir='ltr'><strong>saepe</strong></span> <span class='ocrx_word' id='word_1_50' title='bbox 795 1193 1022 1288; x_wconf 84' lang='lat' dir='ltr'><strong>aspirationis</strong></span> <span class='ocrx_word' id='word_1_51' title='bbox 1046 1205 1131 1266; x_wconf 89' lang='lat' dir='ltr'><strong>nota</strong></span> <span class='ocrx_word' id='word_1_52' title='bbox 1148 1196 1184 1268; x_wconf 92' lang='lat' dir='ltr'><strong>in</strong></span> <span class='ocrx_word' id='word_1_53' title='bbox 1209 1198 1375 1270; x_wconf 84' lang='lat' dir='ltr'><strong>vetustis-</strong></span> 
     </span>
     <span class='ocr_line' id='line_1_8' title="bbox 177 1324 1376 1420; baseline 0.002 -22"><span class='ocrx_word' id='word_1_54' title='bbox 177 1327 283 1398; x_wconf 86' lang='lat' dir='ltr'><strong>simis.</strong></span> <span class='ocrx_word' id='word_1_55' title='bbox 333 1324 508 1418; x_wconf 84' lang='lat' dir='ltr'><strong>Exempla</strong></span> <span class='ocrx_word' id='word_1_56' title='bbox 538 1324 704 1419; x_wconf 79' lang='lat' dir='ltr'><strong>quaedam</strong></span> <span class='ocrx_word' id='word_1_57' title='bbox 733 1336 818 1395; x_wconf 90' lang='lat' dir='ltr'><strong>nota</strong></span> <span class='ocrx_word' id='word_1_58' title='bbox 852 1324 992 1396; x_wconf 86' lang='lat' dir='ltr'><strong>dabit¹.</strong></span> <span class='ocrx_word' id='word_1_59' title='bbox 1047 1325 1107 1396; x_wconf 92' lang='lat' dir='ltr'><strong>De</strong></span> <span class='ocrx_word' id='word_1_60' title='bbox 1139 1349 1210 1420; x_wconf 88' lang='lat' dir='ltr'><strong>qua</strong></span> <span class='ocrx_word' id='word_1_61' title='bbox 1235 1352 1273 1400; x_wconf 88' lang='lat' dir='ltr'><strong>re</strong></span> <span class='ocrx_word' id='word_1_62' title='bbox 1296 1329 1376 1400; x_wconf 86' lang='lat' dir='ltr'><strong>fuse</strong></span> 
     </span>
     <span class='ocr_line' id='line_1_9' title="bbox 177 1450 1374 1553; baseline -0.002 -24"><span class='ocrx_word' id='word_1_63' title='bbox 177 1479 285 1553; x_wconf 83' lang='lat' dir='ltr'><strong>egere</strong></span> <span class='ocrx_word' id='word_1_64' title='bbox 320 1450 590 1548; x_wconf 80' lang='lat' dir='ltr'><strong>spanhemius²</strong></span> <span class='ocrx_word' id='word_1_65' title='bbox 623 1451 934 1548; x_wconf 84' lang='lat' dir='ltr'><strong>Harercampius³</strong></span> <span class='ocrx_word' id='word_1_66' title='bbox 968 1466 1004 1525; x_wconf 87' lang='lat' dir='ltr'><strong>et</strong></span> <span class='ocrx_word' id='word_1_67' title='bbox 1033 1455 1280 1527; x_wconf 83' lang='lat' dir='ltr'><strong>Fraeiicbius⁴.</strong></span> <span class='ocrx_word' id='word_1_68' title='bbox 1330 1456 1374 1527; x_wconf 84' lang='lat' dir='ltr'><strong>in</strong></span> 
     </span>
     <span class='ocr_line' id='line_1_10' title="bbox 179 1581 1376 1681; baseline -0.002 -25"><span class='ocrx_word' id='word_1_69' title='bbox 179 1583 356 1656; x_wconf 82' lang='lat' dir='ltr'><strong>larissaea</strong></span> <span class='ocrx_word' id='word_1_70' title='bbox 389 1591 425 1652; x_wconf 89' lang='lat' dir='ltr'><strong>et</strong></span> <span class='ocrx_word' id='word_1_71' title='bbox 457 1581 670 1677; x_wconf 86' lang='lat' dir='ltr'><strong>Olympiaca</strong></span> <span class='ocrx_word' id='word_1_72' title='bbox 703 1582 798 1652; x_wconf 88' lang='lat' dir='ltr'><strong>baud</strong></span> <span class='ocrx_word' id='word_1_73' title='bbox 832 1583 958 1654; x_wconf 88' lang='lat' dir='ltr'><strong>eadem</strong></span> <span class='ocrx_word' id='word_1_74' title='bbox 986 1581 1101 1654; x_wconf 85' lang='lat' dir='ltr'><strong>forma</strong></span> <span class='ocrx_word' id='word_1_75' title='bbox 1124 1607 1167 1654; x_wconf 88' lang='lat' dir='ltr'><strong>ac</strong></span> <span class='ocrx_word' id='word_1_76' title='bbox 1197 1583 1232 1656; x_wconf 93' lang='lat' dir='ltr'><strong>in</strong></span> <span class='ocrx_word' id='word_1_77' title='bbox 1265 1583 1376 1681; x_wconf 86' lang='lat' dir='ltr'><strong>Sigea</strong></span> 
     </span>
     <span class='ocr_line' id='line_1_11' title="bbox 179 1706 1376 1807; baseline 0 -25"><span class='ocrx_word' id='word_1_78' title='bbox 179 1709 349 1805; x_wconf 86' lang='lat' dir='ltr'><strong>aspiratio</strong></span> <span class='ocrx_word' id='word_1_79' title='bbox 373 1706 536 1779; x_wconf 87' lang='lat' dir='ltr'><strong>efficitur.</strong></span> <span class='ocrx_word' id='word_1_80' title='bbox 591 1707 633 1778; x_wconf 92' lang='lat' dir='ltr'><strong>ln</strong></span> <span class='ocrx_word' id='word_1_81' title='bbox 661 1710 728 1779; x_wconf 90' lang='lat' dir='ltr'><strong>hac</strong></span> <span class='ocrx_word' id='word_1_82' title='bbox 747 1710 842 1780; x_wconf 86' lang='lat' dir='ltr'><strong>enim</strong></span> <span class='ocrx_word' id='word_1_83' title='bbox 869 1711 1020 1800; x_wconf 87' lang='lat' dir='ltr'><strong>eundem</strong></span> <span class='ocrx_word' id='word_1_84' title='bbox 1051 1735 1157 1807; x_wconf 89' lang='lat' dir='ltr'><strong>quam</strong></span> <span class='ocrx_word' id='word_1_85' title='bbox 1178 1710 1283 1782; x_wconf 90' lang='lat' dir='ltr'><strong>hodie</strong></span> <span class='ocrx_word' id='word_1_86' title='bbox 1310 1735 1376 1783; x_wconf 86' lang='lat' dir='ltr'><strong>ex-</strong></span> 
     </span>
     <span class='ocr_line' id='line_1_12' title="bbox 180 1839 1377 1939; baseline 0.003 -26"><span class='ocrx_word' id='word_1_87' title='bbox 180 1843 281 1916; x_wconf 91' lang='lat' dir='ltr'><strong>bibet</strong></span> <span class='ocrx_word' id='word_1_88' title='bbox 315 1841 507 1938; x_wconf 76' lang='lat' dir='ltr'><strong>figuram⁵3</strong></span> <span class='ocrx_word' id='word_1_89' title='bbox 545 1841 580 1911; x_wconf 88' lang='lat' dir='ltr'><strong>in</strong></span> <span class='ocrx_word' id='word_1_90' title='bbox 617 1839 683 1911; x_wconf 87' lang='lat' dir='ltr'><strong>illis</strong></span> <span class='ocrx_word' id='word_1_91' title='bbox 717 1853 836 1912; x_wconf 85' lang='lat' dir='ltr'><strong>autom</strong></span> <span class='ocrx_word' id='word_1_92' title='bbox 872 1866 1008 1912; x_wconf 90' lang='lat' dir='ltr'><strong>summa</strong></span> <span class='ocrx_word' id='word_1_93' title='bbox 1044 1855 1153 1938; x_wconf 90' lang='lat' dir='ltr'><strong>atque</strong></span> <span class='ocrx_word' id='word_1_94' title='bbox 1190 1845 1258 1915; x_wconf 90' lang='lat' dir='ltr'><strong>ima</strong></span> <span class='ocrx_word' id='word_1_95' title='bbox 1293 1868 1377 1939; x_wconf 87' lang='lat' dir='ltr'><strong>pars</strong></span> 
     </span>
     <span class='ocr_line' id='line_1_13' title="bbox 182 1969 1375 2069; baseline 0.003 -28"><span class='ocrx_word' id='word_1_96' title='bbox 182 1969 330 2041; x_wconf 86' lang='lat' dir='ltr'><strong>interum</strong></span> <span class='ocrx_word' id='word_1_97' title='bbox 349 1991 510 2065; x_wconf 84' lang='lat' dir='ltr'><strong>aequeac</strong></span> <span class='ocrx_word' id='word_1_98' title='bbox 530 1969 658 2053; x_wconf 89' lang='lat' dir='ltr'><strong>media,</strong></span> <span class='ocrx_word' id='word_1_99' title='bbox 677 1969 743 2041; x_wconf 89' lang='lat' dir='ltr'><strong>sibi</strong></span> <span class='ocrx_word' id='word_1_100' title='bbox 763 1969 917 2042; x_wconf 88' lang='lat' dir='ltr'><strong>invicem</strong></span> <span class='ocrx_word' id='word_1_101' title='bbox 937 1969 1294 2069; x_wconf 81' lang='lat' dir='ltr'><strong>lineisjunguntur⁶.</strong></span> <span class='ocrx_word' id='word_1_102' title='bbox 1332 1974 1375 2044; x_wconf 84' lang='lat' dir='ltr'><strong>in</strong></span> 
     </span>
     <span class='ocr_line' id='line_1_14' title="bbox 184 2091 1379 2190; baseline 0.003 -26"><span class='ocrx_word' id='word_1_103' title='bbox 184 2117 256 2165; x_wconf 90' lang='lat' dir='ltr'><strong>uno</strong></span> <span class='ocrx_word' id='word_1_104' title='bbox 290 2092 457 2187; x_wconf 82' lang='lat' dir='ltr'><strong>exemplo</strong></span> <span class='ocrx_word' id='word_1_105' title='bbox 494 2091 624 2186; x_wconf 87' lang='lat' dir='ltr'><strong>(Ciass.</strong></span> <span class='ocrx_word' id='word_1_106' title='bbox 660 2117 698 2163; x_wconf 90' lang='lat'><strong>11.</strong></span> <span class='ocrx_word' id='word_1_107' title='bbox 736 2093 851 2164; x_wconf 87' lang='lat' dir='ltr'><strong>inscr.</strong></span> <span class='ocrx_word' id='word_1_108' title='bbox 882 2097 972 2185; x_wconf 80' lang='lat' dir='ltr'><strong>xiv.)</strong></span> <span class='ocrx_word' id='word_1_109' title='bbox 1006 2095 1118 2165; x_wconf 86' lang='lat' dir='ltr'><strong>latera</strong></span> <span class='ocrx_word' id='word_1_110' title='bbox 1151 2096 1379 2190; x_wconf 89' lang='lat' dir='ltr'><strong>aspirationis</strong></span> 
     </span>
     <span class='ocr_line' id='line_1_15' title="bbox 186 2223 1378 2320; baseline -0.002 -22"><span class='ocrx_word' id='word_1_111' title='bbox 186 2249 326 2298; x_wconf 87' lang='lat' dir='ltr'><strong>sursum</strong></span> <span class='ocrx_word' id='word_1_112' title='bbox 361 2224 622 2320; x_wconf 79' lang='lat' dir='ltr'><strong>aliquantulum</strong></span> <span class='ocrx_word' id='word_1_113' title='bbox 657 2226 831 2318; x_wconf 86' lang='lat' dir='ltr'><strong>producta</strong></span> <span class='ocrx_word' id='word_1_114' title='bbox 860 2235 944 2296; x_wconf 88' lang='lat' dir='ltr'><strong>sunt</strong></span> <span class='ocrx_word' id='word_1_115' title='bbox 978 2226 1063 2320; x_wconf 64' lang='lat' dir='ltr'><strong>(v).</strong></span> <span class='ocrx_word' id='word_1_116' title='bbox 1117 2223 1188 2294; x_wconf 87' lang='lat' dir='ltr'><strong>Sed</strong></span> <span class='ocrx_word' id='word_1_117' title='bbox 1223 2225 1309 2294; x_wconf 83' lang='lat' dir='ltr'><strong>iilud</strong></span> <span class='ocrx_word' id='word_1_118' title='bbox 1330 2225 1378 2297; x_wconf 83' lang='lat' dir='ltr'><strong>&#39;in</strong></span> 
     </span>
     <span class='ocr_line' id='line_1_16' title="bbox 188 2350 1377 2446; baseline 0 -22"><span class='ocrx_word' id='word_1_119' title='bbox 188 2352 362 2425; x_wconf 76' lang='lat' dir='ltr'><strong>larissaeo</strong></span> <span class='ocrx_word' id='word_1_120' title='bbox 386 2374 565 2424; x_wconf 90' lang='lat' dir='ltr'><strong>marmore</strong></span> <span class='ocrx_word' id='word_1_121' title='bbox 595 2352 858 2424; x_wconf 86' lang='lat' dir='ltr'><strong>observandum</strong></span> <span class='ocrx_word' id='word_1_122' title='bbox 887 2362 954 2436; x_wconf 86' lang='lat' dir='ltr'><strong>est,</strong></span> <span class='ocrx_word' id='word_1_123' title='bbox 984 2350 1238 2446; x_wconf 89' lang='lat' dir='ltr'><strong>aspirationem</strong></span> <span class='ocrx_word' id='word_1_124' title='bbox 1266 2353 1377 2424; x_wconf 85' lang='lat' dir='ltr'><strong>semei</strong></span> 
     </span>
     <span class='ocr_line' id='line_1_17' title="bbox 189 2477 1380 2581; baseline 0 -26"><span class='ocrx_word' id='word_1_125' title='bbox 189 2507 264 2555; x_wconf 88' lang='lat' dir='ltr'><strong>esse</strong></span> <span class='ocrx_word' id='word_1_126' title='bbox 281 2484 463 2569; x_wconf 87' lang='lat' dir='ltr'><strong>omissam,</strong></span> <span class='ocrx_word' id='word_1_127' title='bbox 477 2482 516 2552; x_wconf 90' lang='lat' dir='ltr'><strong>in</strong></span> <span class='ocrx_word' id='word_1_128' title='bbox 531 2505 620 2554; x_wconf 84' lang='lat' dir='ltr'><strong>voce</strong></span> <span class='ocrx_word' id='word_1_129' title='bbox 639 2481 776 2555; x_wconf 84' lang='lat' dir='ltr'><strong>scilicet</strong></span> <span class='ocrx_word' id='word_1_130' title='bbox 791 2477 970 2567; x_wconf 79' lang='grc' dir='ltr'><strong>Ἱπομεδον.</strong></span> <span class='ocrx_word' id='word_1_131' title='bbox 993 2481 1099 2569; x_wconf 86' lang='lat' dir='ltr'><strong>Quod</strong></span> <span class='ocrx_word' id='word_1_132' title='bbox 1118 2481 1249 2554; x_wconf 90' lang='lat' dir='ltr'><strong>idcirco</strong></span> <span class='ocrx_word' id='word_1_133' title='bbox 1265 2484 1380 2581; x_wconf 86' lang='lat' dir='ltr'><strong>magis</strong></span> 
     </span>
     <span class='ocr_line' id='line_1_18' title="bbox 190 2606 1382 2704; baseline 0.002 -24"><span class='ocrx_word' id='word_1_134' title='bbox 190 2608 386 2682; x_wconf 86' lang='lat' dir='ltr'><strong>notandum</strong></span> <span class='ocrx_word' id='word_1_135' title='bbox 408 2619 475 2694; x_wconf 89' lang='lat' dir='ltr'><strong>est,</strong></span> <span class='ocrx_word' id='word_1_136' title='bbox 499 2606 583 2702; x_wconf 90' lang='lat' dir='ltr'><strong>quia</strong></span> <span class='ocrx_word' id='word_1_137' title='bbox 606 2609 643 2679; x_wconf 93' lang='lat' dir='ltr'><strong>in</strong></span> <span class='ocrx_word' id='word_1_138' title='bbox 667 2608 903 2680; x_wconf 89' lang='lat' dir='ltr'><strong>marmoribus</strong></span> <span class='ocrx_word' id='word_1_139' title='bbox 928 2633 1073 2704; x_wconf 90' lang='lat' dir='ltr'><strong>quoque</strong></span> <span class='ocrx_word' id='word_1_140' title='bbox 1097 2610 1382 2684; x_wconf 83' lang='lat' dir='ltr'><strong>Atheniensibus</strong></span> 
     </span>
     <span class='ocr_line' id='line_1_19' title="bbox 190 2738 1382 2838; baseline 0.002 -28"><span class='ocrx_word' id='word_1_141' title='bbox 190 2740 276 2810; x_wconf 90' lang='lat' dir='ltr'><strong>mira</strong></span> <span class='ocrx_word' id='word_1_142' title='bbox 316 2738 557 2810; x_wconf 84' lang='lat' dir='ltr'><strong>inconstantia</strong></span> <span class='ocrx_word' id='word_1_143' title='bbox 595 2750 649 2810; x_wconf 89' lang='lat' dir='ltr'><strong>est</strong></span> <span class='ocrx_word' id='word_1_144' title='bbox 689 2741 724 2810; x_wconf 93' lang='lat' dir='ltr'><strong>in</strong></span> <span class='ocrx_word' id='word_1_145' title='bbox 763 2739 985 2834; x_wconf 87' lang='lat' dir='ltr'><strong>aspiratione</strong></span> <span class='ocrx_word' id='word_1_146' title='bbox 1013 2753 1077 2812; x_wconf 89' lang='lat' dir='ltr'><strong>aut</strong></span> <span class='ocrx_word' id='word_1_147' title='bbox 1109 2740 1290 2838; x_wconf 84' lang='lat' dir='ltr'><strong>affigenda</strong></span> <span class='ocrx_word' id='word_1_148' title='bbox 1318 2751 1382 2813; x_wconf 90' lang='lat' dir='ltr'><strong>aut</strong></span> 
     </span>
     <span class='ocr_line' id='line_1_20' title="bbox 191 2868 1383 2966; baseline 0.003 -26"><span class='ocrx_word' id='word_1_149' title='bbox 191 2869 396 2941; x_wconf 87' lang='lat' dir='ltr'><strong>omittenda.</strong></span> <span class='ocrx_word' id='word_1_150' title='bbox 438 2868 612 2964; x_wconf 83' lang='lat' dir='ltr'><strong>Exempla</strong></span> <span class='ocrx_word' id='word_1_151' title='bbox 631 2871 739 2942; x_wconf 89' lang='lat' dir='ltr'><strong>muita</strong></span> <span class='ocrx_word' id='word_1_152' title='bbox 762 2871 980 2966; x_wconf 79' lang='lat' dir='ltr'><strong>praebebunt</strong></span> <span class='ocrx_word' id='word_1_153' title='bbox 1005 2872 1257 2966; x_wconf 87' lang='lat' dir='ltr'><strong>inscriptiones</strong></span> <span class='ocrx_word' id='word_1_154' title='bbox 1281 2883 1383 2944; x_wconf 85' lang='lat' dir='ltr'><strong>sexta</strong></span> 
     </span>
    </p>
   </div>
   <div class='ocr_carea' id='block_1_3' title="bbox 193 3002 1385 3358">
    <p class='ocr_par' dir='ltr' id='par_1_3' title="bbox 193 3002 1385 3358">
     <span class='ocr_line' id='line_1_21' title="bbox 193 3002 1381 3102; baseline 0.003 -28"><span class='ocrx_word' id='word_1_155' title='bbox 193 3013 227 3074; x_wconf 86' lang='lat' dir='ltr'><strong>et</strong></span> <span class='ocrx_word' id='word_1_156' title='bbox 245 3002 397 3098; x_wconf 87' lang='lat' dir='ltr'><strong>septima</strong></span> <span class='ocrx_word' id='word_1_157' title='bbox 411 3002 581 3075; x_wconf 84' lang='lat' dir='ltr'><strong>sectionis</strong></span> <span class='ocrx_word' id='word_1_158' title='bbox 597 3005 722 3098; x_wconf 75' lang='lat' dir='ltr'><strong>primae</strong></span> <span class='ocrx_word' id='word_1_159' title='bbox 741 3005 863 3078; x_wconf 80' lang='lat' dir='ltr'><strong>classis</strong></span> <span class='ocrx_word' id='word_1_160' title='bbox 875 3007 1003 3079; x_wconf 81' lang='lat' dir='ltr'><strong>tertite.</strong></span> <span class='ocrx_word' id='word_1_161' title='bbox 1029 3005 1219 3100; x_wconf 87' lang='lat' dir='ltr'><strong>Inscriptio</strong></span> <span class='ocrx_word' id='word_1_162' title='bbox 1237 3005 1381 3102; x_wconf 83' lang='lat' dir='ltr'><strong>quidem</strong></span> 
     </span>
     <span class='ocr_line' id='line_1_22' title="bbox 194 3131 1385 3232; baseline 0.003 -24"><span class='ocrx_word' id='word_1_163' title='bbox 194 3147 291 3208; x_wconf 69' lang='lat' dir='ltr'><strong>sexta</strong></span> <span class='ocrx_word' id='word_1_164' title='bbox 310 3133 596 3232; x_wconf 68' lang='lat' dir='ltr'><strong>(Choiaeuliana)</strong></span> <span class='ocrx_word' id='word_1_165' title='bbox 615 3137 764 3208; x_wconf 76' lang='lat' dir='ltr'><strong>vocibus</strong></span> <span class='ocrx_word' id='word_1_166' title='bbox 780 3137 1055 3222; x_wconf 76' lang='grc' dir='ltr'>Ἑλληνοταμίας,</span> <span class='ocrx_word' id='word_1_167' title='bbox 1083 3136 1189 3219; x_wconf 72' lang='grc' dir='ltr'>ἕκτος,</span> <span class='ocrx_word' id='word_1_168' title='bbox 1215 3131 1385 3212; x_wconf 70' lang='grc' dir='ltr'>ἑνδέκατος</span> 
     </span>
     <span class='ocr_line' id='line_1_23' title="bbox 193 3260 1383 3358; baseline 0 -24"><span class='ocrx_word' id='word_1_169' title='bbox 193 3260 444 3358; x_wconf 86' lang='lat' dir='ltr'><strong>aspirationem</strong></span> <span class='ocrx_word' id='word_1_170' title='bbox 481 3285 578 3334; x_wconf 92' lang='lat' dir='ltr'><strong>nunc</strong></span> <span class='ocrx_word' id='word_1_171' title='bbox 616 3261 750 3347; x_wconf 83' lang='lat' dir='ltr'><strong>tribuit,</strong></span> <span class='ocrx_word' id='word_1_172' title='bbox 789 3286 885 3335; x_wconf 90' lang='lat' dir='ltr'><strong>nunc</strong></span> <span class='ocrx_word' id='word_1_173' title='bbox 917 3263 1051 3348; x_wconf 90' lang='lat' dir='ltr'><strong>adimit,</strong></span> <span class='ocrx_word' id='word_1_174' title='bbox 1086 3263 1233 3335; x_wconf 86' lang='lat' dir='ltr'><strong>vocibus</strong></span> <span class='ocrx_word' id='word_1_175' title='bbox 1262 3274 1383 3336; x_wconf 90' lang='lat' dir='ltr'><strong>autem</strong></span> 
     </span>
    </p>
   </div>
   <div class='ocr_carea' id='block_1_4' title="bbox 196 3470 1390 4582">
    <p class='ocr_par' dir='ltr' id='par_1_4' title="bbox 196 3470 1390 4582">
     <span class='ocr_line' id='line_1_24' title="bbox 234 3470 905 3549; baseline 0.006 -22"><span class='ocrx_word' id='word_1_176' title='bbox 234 3475 242 3504; x_wconf 94' lang='lat'>¹</span> <span class='ocrx_word' id='word_1_177' title='bbox 265 3472 411 3528; x_wconf 86' lang='lat' dir='ltr'><strong>Nummus</strong></span> <span class='ocrx_word' id='word_1_178' title='bbox 426 3470 762 3544; x_wconf 72' lang='lat' dir='ltr'><strong>Selinuntiorumfflurm.</strong></span> <span class='ocrx_word' id='word_1_179' title='bbox 813 3494 840 3549; x_wconf 88' lang='lat' dir='ltr'><strong>p.</strong></span> <span class='ocrx_word' id='word_1_180' title='bbox 853 3477 905 3541; x_wconf 89' lang='grc'><strong>95.</strong></span> 
     </span>
     <span class='ocr_line' id='line_1_25' title="bbox 196 3562 1383 3639; baseline 0.007 -19"><span class='ocrx_word' id='word_1_181' title='bbox 196 3565 231 3620; x_wconf 90' lang='lat' dir='ltr'><strong>ad</strong></span> <span class='ocrx_word' id='word_1_182' title='bbox 258 3563 330 3622; x_wconf 88' lang='lat' dir='ltr'><strong>calc.</strong></span> <span class='ocrx_word' id='word_1_183' title='bbox 363 3562 506 3623; x_wconf 86' lang='lat' dir='ltr'><strong>D&#39;Orviil.</strong></span> <span class='ocrx_word' id='word_1_184' title='bbox 543 3565 605 3624; x_wconf 87' lang='lat' dir='ltr'><strong>Ecl.</strong></span> <span class='ocrx_word' id='word_1_185' title='bbox 639 3585 666 3639; x_wconf 92' lang='lat' dir='ltr'><strong>p.</strong></span> <span class='ocrx_word' id='word_1_186' title='bbox 696 3572 764 3622; x_wconf 78' lang='lat'><strong>428.</strong></span> <span class='ocrx_word' id='word_1_187' title='bbox 852 3569 1057 3628; x_wconf 82' lang='lat' dir='ltr'><strong>³Haverc.de</strong></span> <span class='ocrx_word' id='word_1_188' title='bbox 1080 3580 1133 3626; x_wconf 86' lang='lat' dir='ltr'><strong>vet.</strong></span> <span class='ocrx_word' id='word_1_189' title='bbox 1163 3571 1217 3626; x_wconf 90' lang='lat' dir='ltr'><strong>Gr.</strong></span> <span class='ocrx_word' id='word_1_190' title='bbox 1239 3571 1383 3629; x_wconf 63' lang='lat' dir='ltr'><strong>Lites.</strong></span> 
     </span>
     <span class='ocr_line' id='line_1_26' title="bbox 198 3657 925 3739; baseline 0.006 -25"><span class='ocrx_word' id='word_1_191' title='bbox 198 3659 292 3715; x_wconf 84' lang='lat' dir='ltr'><strong>Pamt.</strong></span> <span class='ocrx_word' id='word_1_192' title='bbox 307 3657 381 3714; x_wconf 89' lang='lat' dir='ltr'><strong>Tab.</strong></span> <span class='ocrx_word' id='word_1_193' title='bbox 398 3675 541 3716; x_wconf 78' lang='lat' dir='ltr'><strong>nxxxrr.</strong></span> <span class='ocrx_word' id='word_1_194' title='bbox 557 3659 614 3718; x_wconf 89' lang='lat' dir='ltr'><strong>No.</strong></span> <span class='ocrx_word' id='word_1_195' title='bbox 633 3665 679 3716; x_wconf 94' lang='grc'><strong>11.</strong></span> <span class='ocrx_word' id='word_1_196' title='bbox 709 3659 765 3716; x_wconf 85' lang='lat' dir='ltr'><strong>Mi-</strong></span> <span class='ocrx_word' id='word_1_197' title='bbox 814 3687 841 3739; x_wconf 83' lang='lat' dir='ltr'><strong>p.</strong></span> <span class='ocrx_word' id='word_1_198' title='bbox 856 3662 925 3724; x_wconf 74' lang='lat'><strong>236.</strong></span> 
     </span>
     <span class='ocr_line' id='line_1_27' title="bbox 199 3751 1386 3827; baseline 0.004 -12"><span class='ocrx_word' id='word_1_199' title='bbox 199 3760 289 3810; x_wconf 76' lang='lat' dir='ltr'><strong>onnet·</strong></span> <span class='ocrx_word' id='word_1_200' title='bbox 316 3751 401 3810; x_wconf 83' lang='lat' dir='ltr'><strong>Tom·</strong></span> <span class='ocrx_word' id='word_1_201' title='bbox 431 3771 453 3808; x_wconf 89' lang='lat'><strong>1·</strong></span> <span class='ocrx_word' id='word_1_202' title='bbox 487 3772 515 3827; x_wconf 80' lang='lat' dir='ltr'><strong>p.</strong></span> <span class='ocrx_word' id='word_1_203' title='bbox 545 3759 616 3818; x_wconf 70' lang='lat'><strong>287·</strong></span> <span class='ocrx_word' id='word_1_204' title='bbox 644 3765 671 3810; x_wconf 74' lang='lat' dir='ltr'><strong>et</strong></span> <span class='ocrx_word' id='word_1_205' title='bbox 694 3755 766 3811; x_wconf 73' lang='lat' dir='ltr'><strong>Tab·</strong></span> <span class='ocrx_word' id='word_1_206' title='bbox 858 3761 869 3791; x_wconf 85' lang='lat'><strong>⁴</strong></span> <span class='ocrx_word' id='word_1_207' title='bbox 892 3759 1021 3817; x_wconf 78' lang='lat' dir='ltr'><strong>Fraelieh.</strong></span> <span class='ocrx_word' id='word_1_208' title='bbox 1036 3759 1168 3816; x_wconf 81' lang='lat' dir='ltr'><strong>Teutam.</strong></span> <span class='ocrx_word' id='word_1_209' title='bbox 1188 3759 1222 3814; x_wconf 88' lang='lat' dir='ltr'><strong>de</strong></span> <span class='ocrx_word' id='word_1_210' title='bbox 1244 3778 1271 3817; x_wconf 85' lang='lat' dir='ltr'><strong>re</strong></span> <span class='ocrx_word' id='word_1_211' title='bbox 1297 3760 1386 3820; x_wconf 87' lang='lat' dir='ltr'><strong>Num.</strong></span> 
     </span>
     <span class='ocr_line' id='line_1_28' title="bbox 201 3841 929 3930; baseline 0.004 -28"><span class='ocrx_word' id='word_1_212' title='bbox 201 3845 588 3921; x_wconf 78' lang='lat' dir='ltr'><strong>xxx1v.No.1et.)habet</strong></span> <span class='ocrx_word' id='word_1_213' title='bbox 604 3841 769 3908; x_wconf 74' lang='lat' dir='ltr'><strong>ierAz.</strong></span> <span class='ocrx_word' id='word_1_214' title='bbox 820 3875 849 3930; x_wconf 82' lang='lat' dir='ltr'><strong>p,</strong></span> <span class='ocrx_word' id='word_1_215' title='bbox 860 3860 929 3912; x_wconf 77' lang='lat'><strong>885.</strong></span> 
     </span>
     <span class='ocr_line' id='line_1_29' title="bbox 202 3937 1388 4015; baseline 0.005 -21"><span class='ocrx_word' id='word_1_216' title='bbox 202 3939 233 3994; x_wconf 89' lang='lat' dir='ltr'><strong>ln</strong></span> <span class='ocrx_word' id='word_1_217' title='bbox 252 3937 340 3996; x_wconf 84' lang='lat' dir='ltr'><strong>altero</strong></span> <span class='ocrx_word' id='word_1_218' title='bbox 361 3939 485 4015; x_wconf 83' lang='lat' dir='ltr'><strong>ejusdem</strong></span> <span class='ocrx_word' id='word_1_219' title='bbox 500 3939 608 3996; x_wconf 92' lang='lat' dir='ltr'><strong>nummi</strong></span> <span class='ocrx_word' id='word_1_220' title='bbox 626 3939 710 3997; x_wconf 80' lang='lat' dir='ltr'><strong>latere</strong></span> <span class='ocrx_word' id='word_1_221' title='bbox 730 3943 770 3998; x_wconf 87' lang='lat' dir='ltr'><strong>vi·</strong></span> <span class='ocrx_word' id='word_1_222' title='bbox 860 3947 938 4005; x_wconf 81' lang='lat' dir='ltr'><strong>⁵Cf,</strong></span> <span class='ocrx_word' id='word_1_223' title='bbox 972 3946 1117 4004; x_wconf 76' lang='lat' dir='ltr'><strong>Villoison.</strong></span> <span class='ocrx_word' id='word_1_224' title='bbox 1151 3948 1256 4004; x_wconf 74' lang='lat' dir='ltr'><strong>Atueed.</strong></span> <span class='ocrx_word' id='word_1_225' title='bbox 1291 3949 1388 4006; x_wconf 79' lang='lat' dir='ltr'><strong>Graee.</strong></span> 
     </span>
     <span class='ocr_line' id='line_1_30' title="bbox 201 4033 1387 4117; baseline 0.008 -27"><span class='ocrx_word' id='word_1_226' title='bbox 201 4035 297 4092; x_wconf 85' lang='lat' dir='ltr'><strong>demus</strong></span> <span class='ocrx_word' id='word_1_227' title='bbox 313 4033 428 4110; x_wconf 82' lang='lat' dir='ltr'><strong>longam</strong></span> <span class='ocrx_word' id='word_1_228' title='bbox 442 4033 568 4093; x_wconf 85' lang='lat' dir='ltr'><strong>vocalem</strong></span> <span class='ocrx_word' id='word_1_229' title='bbox 585 4037 622 4094; x_wconf 91' lang='grc' dir='ltr'><strong>Ω.</strong></span> <span class='ocrx_word' id='word_1_230' title='bbox 650 4037 771 4095; x_wconf 82' lang='grc' dir='ltr'><strong>ΗΙΜΕ-</strong></span> <span class='ocrx_word' id='word_1_231' title='bbox 822 4042 883 4102; x_wconf 88' lang='lat' dir='ltr'><strong>Iud.</strong></span> <span class='ocrx_word' id='word_1_232' title='bbox 898 4063 926 4116; x_wconf 91' lang='lat' dir='ltr'><strong>p.</strong></span> <span class='ocrx_word' id='word_1_233' title='bbox 941 4046 1013 4099; x_wconf 79' lang='lat'><strong>288.</strong></span> <span class='ocrx_word' id='word_1_234' title='bbox 1056 4041 1166 4116; x_wconf 82' lang='lat' dir='ltr'><strong>Proteg.</strong></span> <span class='ocrx_word' id='word_1_235' title='bbox 1179 4042 1206 4097; x_wconf 89' lang='lat' dir='ltr'><strong>in</strong></span> <span class='ocrx_word' id='word_1_236' title='bbox 1221 4041 1301 4098; x_wconf 87' lang='lat' dir='ltr'><strong>Iliad.</strong></span> <span class='ocrx_word' id='word_1_237' title='bbox 1315 4062 1345 4117; x_wconf 90' lang='lat' dir='ltr'><strong>p.</strong></span> <span class='ocrx_word' id='word_1_238' title='bbox 1358 4049 1387 4100; x_wconf 85' lang='lat'><strong>2.</strong></span> 
     </span>
     <span class='ocr_line' id='line_1_31' title="bbox 203 4127 1386 4208; baseline 0.007 -24"><span class='ocrx_word' id='word_1_239' title='bbox 203 4127 511 4186; x_wconf 81' lang='lat' dir='ltr'><strong>PAIONinnummis</strong></span> <span class='ocrx_word' id='word_1_240' title='bbox 522 4129 682 4190; x_wconf 67' lang='lat' dir='ltr'><strong>Himeraeis.</strong></span> <span class='ocrx_word' id='word_1_241' title='bbox 718 4135 772 4190; x_wconf 86' lang='lat' dir='ltr'><strong>Pa·</strong></span> <span class='ocrx_word' id='word_1_242' title='bbox 822 4133 926 4208; x_wconf 82' lang='lat' dir='ltr'><strong>Scalig.</strong></span> <span class='ocrx_word' id='word_1_243' title='bbox 943 4134 978 4190; x_wconf 88' lang='lat' dir='ltr'><strong>ad</strong></span> <span class='ocrx_word' id='word_1_244' title='bbox 1001 4133 1103 4190; x_wconf 82' lang='lat' dir='ltr'><strong>Euseb.</strong></span> <span class='ocrx_word' id='word_1_245' title='bbox 1127 4154 1154 4208; x_wconf 92' lang='lat' dir='ltr'><strong>p.</strong></span> <span class='ocrx_word' id='word_1_246' title='bbox 1174 4139 1239 4192; x_wconf 82' lang='grc'><strong>133.</strong></span> <span class='ocrx_word' id='word_1_247' title='bbox 1282 4135 1386 4192; x_wconf 85' lang='lat' dir='ltr'><strong>Athen.</strong></span> 
     </span>
     <span class='ocr_line' id='line_1_32' title="bbox 204 4218 1049 4304; baseline 0.017 -30"><span class='ocrx_word' id='word_1_248' title='bbox 204 4231 256 4276; x_wconf 88' lang='lat' dir='ltr'><strong>rut.</strong></span> <span class='ocrx_word' id='word_1_249' title='bbox 283 4218 355 4277; x_wconf 89' lang='lat' dir='ltr'><strong>Tab.</strong></span> <span class='ocrx_word' id='word_1_250' title='bbox 382 4239 485 4280; x_wconf 77' lang='lat' dir='ltr'><strong>uxrrr.</strong></span> <span class='ocrx_word' id='word_1_251' title='bbox 510 4243 538 4297; x_wconf 93' lang='lat' dir='ltr'><strong>p.</strong></span> <span class='ocrx_word' id='word_1_252' title='bbox 564 4231 591 4282; x_wconf 85' lang='lat' dir='ltr'><strong>‘t.</strong></span> <span class='ocrx_word' id='word_1_253' title='bbox 635 4225 772 4283; x_wconf 87' lang='lat' dir='ltr'><strong>Mionuet.</strong></span> <span class='ocrx_word' id='word_1_254' title='bbox 822 4249 873 4289; x_wconf 80' lang='lat' dir='ltr'><strong>rx.</strong></span> <span class='ocrx_word' id='word_1_255' title='bbox 893 4249 921 4304; x_wconf 90' lang='lat' dir='ltr'><strong>p.</strong></span> <span class='ocrx_word' id='word_1_256' title='bbox 937 4234 1006 4297; x_wconf 82' lang='lat'><strong>398.</strong></span> <span class='ocrx_word' id='word_1_257' title='bbox 1021 4229 1049 4289; x_wconf 93' lang='lat' dir='ltr'><strong>b.</strong></span> 
     </span>
     <span class='ocr_line' id='line_1_33' title="bbox 205 4317 1390 4394; baseline 0.003 -21"><span class='ocrx_word' id='word_1_258' title='bbox 205 4317 285 4376; x_wconf 86' lang='lat' dir='ltr'><strong>Tum.</strong></span> <span class='ocrx_word' id='word_1_259' title='bbox 315 4335 338 4375; x_wconf 89' lang='lat'><strong>1.</strong></span> <span class='ocrx_word' id='word_1_260' title='bbox 373 4335 401 4392; x_wconf 93' lang='lat' dir='ltr'><strong>p.</strong></span> <span class='ocrx_word' id='word_1_261' title='bbox 429 4325 498 4377; x_wconf 77' lang='lat'><strong>240.</strong></span> <span class='ocrx_word' id='word_1_262' title='bbox 533 4321 605 4381; x_wconf 86' lang='lat' dir='ltr'><strong>Tab.</strong></span> <span class='ocrx_word' id='word_1_263' title='bbox 636 4340 770 4384; x_wconf 78' lang='lat' dir='ltr'><strong>xxxin.</strong></span> <span class='ocrx_word' id='word_1_264' title='bbox 862 4317 1023 4378; x_wconf 74' lang='lat' dir='ltr'><strong>‘Eandem</strong></span> <span class='ocrx_word' id='word_1_265' title='bbox 1051 4321 1172 4378; x_wconf 85' lang='lat' dir='ltr'><strong>sormam</strong></span> <span class='ocrx_word' id='word_1_266' title='bbox 1193 4319 1322 4394; x_wconf 82' lang='lat' dir='ltr'><strong>aspiratae</strong></span> <span class='ocrx_word' id='word_1_267' title='bbox 1342 4339 1390 4378; x_wconf 86' lang='lat' dir='ltr'><strong>ex-</strong></span> 
     </span>
     <span class='ocr_line' id='line_1_34' title="bbox 208 4411 1389 4488; baseline 0.003 -19"><span class='ocrx_word' id='word_1_268' title='bbox 208 4411 263 4470; x_wconf 90' lang='lat' dir='ltr'><strong>No.</strong></span> <span class='ocrx_word' id='word_1_269' title='bbox 277 4417 328 4480; x_wconf 86' lang='grc'><strong>98.</strong></span> <span class='ocrx_word' id='word_1_270' title='bbox 824 4414 921 4471; x_wconf 90' lang='lat' dir='ltr'><strong>bibent</strong></span> <span class='ocrx_word' id='word_1_271' title='bbox 944 4413 1064 4488; x_wconf 81' lang='lat' dir='ltr'><strong>reliquiae</strong></span> <span class='ocrx_word' id='word_1_272' title='bbox 1093 4413 1218 4472; x_wconf 76' lang='lat' dir='ltr'><strong>Etruscae</strong></span> <span class='ocrx_word' id='word_1_273' title='bbox 1240 4413 1276 4471; x_wconf 81' lang='lat' dir='ltr'><strong>cs.</strong></span> <span class='ocrx_word' id='word_1_274' title='bbox 1303 4413 1389 4472; x_wconf 77' lang='lat' dir='ltr'><strong>Lana.</strong></span> 
     </span>
     <span class='ocr_line' id='line_1_35' title="bbox 247 4505 1088 4582; baseline 0.004 -20"><span class='ocrx_word' id='word_1_275' title='bbox 247 4505 258 4536; x_wconf 85' lang='lat'><strong>¹</strong></span> <span class='ocrx_word' id='word_1_276' title='bbox 279 4505 383 4582; x_wconf 83' lang='lat' dir='ltr'><strong>Spaub.</strong></span> <span class='ocrx_word' id='word_1_277' title='bbox 396 4507 538 4568; x_wconf 81' lang='lat' dir='ltr'><strong>dePraest.</strong></span> <span class='ocrx_word' id='word_1_278' title='bbox 549 4509 635 4568; x_wconf 86' lang='lat' dir='ltr'><strong>Num.</strong></span> <span class='ocrx_word' id='word_1_279' title='bbox 652 4507 735 4569; x_wconf 82' lang='lat' dir='ltr'><strong>Tora.</strong></span> <span class='ocrx_word' id='word_1_280' title='bbox 749 4527 771 4565; x_wconf 89' lang='lat'><strong>1.</strong></span> <span class='ocrx_word' id='word_1_281' title='bbox 827 4507 910 4582; x_wconf 80' lang='lat' dir='ltr'><strong>Sagg.</strong></span> <span class='ocrx_word' id='word_1_282' title='bbox 929 4527 952 4567; x_wconf 87' lang='lat'><strong>1.</strong></span> <span class='ocrx_word' id='word_1_283' title='bbox 976 4528 1003 4582; x_wconf 91' lang='lat' dir='ltr'><strong>p.</strong></span> <span class='ocrx_word' id='word_1_284' title='bbox 1019 4512 1088 4566; x_wconf 75' lang='lat'><strong>215.</strong></span> 
     </span>
    </p>
   </div>
   <div class='ocr_carea' id='block_1_5' title="bbox 0 0 1637 5094">
    <p class='ocr_par' dir='ltr' id='par_1_5' title="bbox 0 0 1637 5094">
     <span class='ocr_line' id='line_1_36' title="bbox 0 0 1637 5094; baseline 0 0"><span class='ocrx_word' id='word_1_285' title='bbox 0 0 1637 5094; x_wconf 95' lang='lat' dir='ltr'><strong> </strong></span> 
     </span>
    </p>
   </div>
  </div>
 </body>
</html>
