3204 5104
577 912 729 996 Caras.
755 911 793 999 I.
836 911 990 998 traca.
1016 909 1095 998 IV.

526 1148 746 1224 GALEA
802 1147 1166 1226 OLYMPICA.

672 1369 767 1432 TAB.
788 1369 844 1433 lll.
887 1370 960 1434 Fra.
982 1371 1008 1434 1.

769 1606 914 1654 ...φ-

606 1819 745 1908 Walpol.
764 1819 862 1887 Tom.
880 1819 928 1887 ll.
952 1846 985 1906 p.
1002 1831 1079 1896 597.

311 2010 517 2096 Iaecerrre
552 2020 637 2088 sunt
677 2011 757 2088 heac
792 2011 902 2094 verba
946 2010 982 2082 in
1022 2013 1130 2110 galee
1170 2014 1299 2102 votive,
1341 2021 1446 2128 qaod

238 2145 352 2234 aiunt,
379 2169 401 2218 a
423 2141 563 2222 Ieekio
585 2141 769 2242 Olympiae
791 2151 949 2238 reperta.
997 2143 1206 2240 Walpoliue
1227 2145 1278 2223 ita
1299 2148 1391 2248 legit

531 2301 628 2373 Kome
648 2327 758 2382 rtem
783 2293 807 2368 i.
827 2317 860 2370 e.
887 2300 980 2370 Kane
995 2293 1026 2382 μ’
1044 2327 1148 2370 eraut

236 2415 385 2542 tresque
414 2443 558 2519 ultimas
586 2443 708 2518 literas
734 2441 893 2516 incertae
919 2467 1000 2517 ease
1028 2444 1217 2518 existimat.
1269 2446 1376 2538 Quod
1406 2449 1442 2522 ei

236 2575 488 2662 concedamus,
516 2597 682 2672 quaenam
712 2575 771 2646 hae
799 2583 873 2646 tres
898 2573 1014 2649 literae
1047 2600 1126 2651 esee
1158 2575 1333 2674 possunt?
1358 2579 1443 2654 lma

235 2707 321 2806 lege
352 2727 492 2778 mecum
527 2705 674 2778 ἑποεσεν.
731 2704 921 2779 Facillime
955 2707 991 2778 in
1026 2708 1132 2808 galea
1164 2708 1295 2794 ferree,
1327 2733 1437 2807 quam

235 2851 377 2915 tantum
402 2840 573 2913 exederet
595 2845 764 2926 vetustas,
792 2835 938 2923 litera3
960 2839 1118 2932 lieretfl
1140 2893 1150 2924 ,
1176 2850 1213 2912 et
1228 2840 1288 2913 vix
1303 2840 1438 2914 ‘dubito

236 2971 325 3071 quin
352 2969 476 3044 ultima
498 2968 601 3043 litera
627 2970 688 3040 VO
716 2968 763 3040 eit
792 2970 853 3054 »ἡ
881 2969 911 3043 si
938 2969 1034 3043 enim
1063 2981 1092 3051 Φ
1118 2980 1223 3057 esset,
1251 2969 1338 3069 quid
1365 2969 1436 3044 sibi

234 3101 343 3175 vellet
375 3125 460 3198 quae
496 3098 658 3197 sequitur
691 3098 790 3171 linea
823 3094 881 3171 V?
934 3099 1253 3199 Monogrammeta
1287 3102 1433 3202 quidem

234 3231 321 3302 huic
360 3228 475 3303 literae
512 3227 689 3302 simillima
723 3227 761 3299 in
800 3227 955 3300 nummis
989 3227 1161 3315 extant¹3
1206 3232 1271 3304 sed
1305 3256 1434 3307 mono·
1570 3235 1571 3244 ’

234 3373 436 3466 grammata
468 3363 506 3436 in
549 3361 787 3436 marmoribus
821 3362 971 3436 vetustis
1009 3385 1198 3461 nunquam
1232 3361 1318 3453 vidi,
1361 3388 1432 3438 nec

234 3497 408 3597 intelligo,
447 3495 476 3567 si
509 3493 670 3567 ultimam
707 3493 846 3567 literam
879 3516 1152 3593 monogramma
1184 3518 1265 3567 ease
1298 3515 1431 3566 conee-

235 3630 373 3713 damue,
403 3624 490 3723 quid
516 3625 562 3698 de
588 3625 811 3723 praecedenti
836 3624 943 3698 statui
968 3623 1095 3720 possit.
1149 3623 1255 3716 Quod
1276 3627 1433 3725 scriptu·

234 3785 311 3836 ram
336 3794 359 3831 a
383 3780 451 3855 pro
476 3789 493 3830 e
517 3756 648 3831 attinet
672 3757 719 3831 cl.
747 3755 967 3856 Gregorium
979 3751 1003 3827 ².

275 4001 284 4028 ²
306 3993 353 4054 Cf.
368 3994 507 4055 Mionnet.
520 3995 592 4056 Tab.
604 3995 645 4057 11.
660 3995 721 4075 rig.
736 3993 804 4057 166.
895 3992 910 4020 ²
931 3991 1430 4068 Gregordedial5.cxvrr.p.³02.

233 4091 304 4152 rab.
316 4091 386 4154 Vll.
410 4093 469 4167 Fig.
485 4097 553 4154 551.
856 4091 909 4152 Ed.
925 4091 1029 4152 schaet.
