<?xml version="1.0" encoding="UTF-8"?>
<!DOCTYPE html PUBLIC "-//W3C//DTD XHTML 1.0 Transitional//EN"
    "http://www.w3.org/TR/xhtml1/DTD/xhtml1-transitional.dtd">
<html xmlns="http://www.w3.org/1999/xhtml" xml:lang="en" lang="en">
 <head>
  <title>
</title>
<meta http-equiv="Content-Type" content="text/html;charset=utf-8" />
  <meta name='ocr-system' content='tesseract 3.04.00' />
  <meta name='ocr-capabilities' content='ocr_page ocr_carea ocr_par ocr_line ocrx_word'/>
</head>
<body>
  <div class='ocr_page' id='page_1' title='image "./inscriptionesgr00rosegoog_0382.png"; bbox 0 0 3196 5100; ppageno 0'>
   <div class='ocr_carea' id='block_1_1' title="bbox 750 401 1383 486">
    <p class='ocr_par' dir='ltr' id='par_1_1' title="bbox 750 401 1383 486">
     <span class='ocr_line' id='line_1_1' title="bbox 750 401 1383 486; baseline -0.002 -16"><span class='ocrx_word' id='word_1_1' title='bbox 750 413 821 470; x_wconf 77' lang='lat'><strong>222</strong></span> <span class='ocrx_word' id='word_1_2' title='bbox 1152 401 1296 486; x_wconf 66' lang='lat' dir='ltr'><strong>[censs.</strong></span> <span class='ocrx_word' id='word_1_3' title='bbox 1319 403 1383 470; x_wconf 82' lang='lat' dir='ltr'><strong>lli.</strong></span> 
     </span>
    </p>
   </div>
   <div class='ocr_carea' id='block_1_2' title="bbox 188 589 1385 676">
    <p class='ocr_par' dir='ltr' id='par_1_2' title="bbox 188 589 1385 676">
     <span class='ocr_line' id='line_1_2' title="bbox 188 589 1385 676; baseline -0.015 0"><span class='ocrx_word' id='word_1_4' title='bbox 188 603 323 676; x_wconf 66' lang='lat' dir='ltr'><strong>Catu,</strong></span> <span class='ocrx_word' id='word_1_5' title='bbox 356 591 464 666; x_wconf 61' lang='grc' dir='ltr'>ΦΙΑν</span> <span class='ocrx_word' id='word_1_6' title='bbox 477 641 630 661; x_wconf 86' lang='grc'><strong>.........</strong></span> <span class='ocrx_word' id='word_1_7' title='bbox 640 591 889 663; x_wconf 86' lang='grc' dir='ltr'><strong>ΣΤΑΘΜΟΝ</strong></span> <span class='ocrx_word' id='word_1_8' title='bbox 922 589 1132 660; x_wconf 60' lang='lat' dir='ltr'><strong>noviom</strong></span> <span class='ocrx_word' id='word_1_9' title='bbox 1175 592 1385 660; x_wconf 85' lang='grc' dir='ltr'><strong>ΧΧ...ΔΔ.</strong></span> 
     </span>
    </p>
   </div>
   <div class='ocr_carea' id='block_1_3' title="bbox 185 708 1445 2010">
    <p class='ocr_par' dir='ltr' id='par_1_3' title="bbox 185 708 1445 2010">
     <span class='ocr_line' id='line_1_3' title="bbox 190 708 1385 816; baseline 0.002 -18"><span class='ocrx_word' id='word_1_10' title='bbox 190 733 312 816; x_wconf 67' lang='lat' dir='ltr'><strong>ter-3</strong></span> <span class='ocrx_word' id='word_1_11' title='bbox 349 729 549 802; x_wconf 72' lang='lat' dir='ltr'><strong>iocata.</strong></span> <span class='ocrx_word' id='word_1_12' title='bbox 576 708 807 800; x_wconf 61' lang='grc' dir='ltr'><strong>ΜἈνΑΙΧΡ.</strong></span> <span class='ocrx_word' id='word_1_13' title='bbox 862 727 920 800; x_wconf 88' lang='lat' dir='ltr'><strong>Ex</strong></span> <span class='ocrx_word' id='word_1_14' title='bbox 953 727 1008 798; x_wconf 90' lang='lat' dir='ltr'><strong>his</strong></span> <span class='ocrx_word' id='word_1_15' title='bbox 1037 725 1205 800; x_wconf 91' lang='lat' dir='ltr'><strong>omnibus</strong></span> <span class='ocrx_word' id='word_1_16' title='bbox 1235 726 1385 814; x_wconf 89' lang='lat' dir='ltr'><strong>collatis,</strong></span> 
     </span>
     <span class='ocr_line' id='line_1_4' title="bbox 185 855 1387 956; baseline 0 -25"><span class='ocrx_word' id='word_1_17' title='bbox 185 869 286 956; x_wconf 83' lang='lat' dir='ltr'><strong>patet</strong></span> <span class='ocrx_word' id='word_1_18' title='bbox 320 881 439 933; x_wconf 87' lang='lat' dir='ltr'><strong>veram</strong></span> <span class='ocrx_word' id='word_1_19' title='bbox 473 855 664 930; x_wconf 87' lang='lat' dir='ltr'><strong>lectionem</strong></span> <span class='ocrx_word' id='word_1_20' title='bbox 699 856 768 928; x_wconf 87' lang='lat' dir='ltr'><strong>loci</strong></span> <span class='ocrx_word' id='word_1_21' title='bbox 800 881 890 944; x_wconf 90' lang='lat' dir='ltr'><strong>esse,</strong></span> <span class='ocrx_word' id='word_1_22' title='bbox 928 855 1050 955; x_wconf 77' lang='grc' dir='ltr'>φιάλαι</span> <span class='ocrx_word' id='word_1_23' title='bbox 1079 889 1200 956; x_wconf 80' lang='grc' dir='ltr'>χρυσαι</span> <span class='ocrx_word' id='word_1_24' title='bbox 1228 864 1280 929; x_wconf 88' lang='lat'><strong>111</strong></span> <span class='ocrx_word' id='word_1_25' title='bbox 1313 858 1387 951; x_wconf 83' lang='lat' dir='ltr'><strong>(vel</strong></span> 
     </span>
     <span class='ocr_line' id='line_1_5' title="bbox 186 981 1385 1087; baseline -0.001 -27"><span class='ocrx_word' id='word_1_26' title='bbox 186 989 300 1087; x_wconf 73' lang='grc' dir='ltr'>τρεισ)</span> <span class='ocrx_word' id='word_1_27' title='bbox 316 989 469 1072; x_wconf 77' lang='grc' dir='ltr'><em>σταθμὸν</em></span> <span class='ocrx_word' id='word_1_28' title='bbox 484 991 614 1060; x_wconf 78' lang='grc' dir='ltr'>τούτων</span> <span class='ocrx_word' id='word_1_29' title='bbox 631 981 1005 1069; x_wconf 63' lang='lat' dir='ltr'><strong>remandares,</strong></span> <span class='ocrx_word' id='word_1_30' title='bbox 1057 987 1223 1061; x_wconf 83' lang='lat' dir='ltr'><strong>Eundem</strong></span> <span class='ocrx_word' id='word_1_31' title='bbox 1249 1011 1385 1061; x_wconf 90' lang='lat' dir='ltr'><strong>morem</strong></span> 
     </span>
     <span class='ocr_line' id='line_1_6' title="bbox 187 1117 1385 1220; baseline -0.001 -24"><span class='ocrx_word' id='word_1_32' title='bbox 187 1123 325 1219; x_wconf 92' lang='lat' dir='ltr'><strong>ubique</strong></span> <span class='ocrx_word' id='word_1_33' title='bbox 356 1121 503 1196; x_wconf 84' lang='lat' dir='ltr'><strong>seruari.</strong></span> <span class='ocrx_word' id='word_1_34' title='bbox 558 1117 603 1192; x_wconf 93' lang='lat' dir='ltr'><strong>In</strong></span> <span class='ocrx_word' id='word_1_35' title='bbox 634 1119 817 1218; x_wconf 81' lang='lat' dir='ltr'><strong>Oataiogis</strong></span> <span class='ocrx_word' id='word_1_36' title='bbox 851 1119 963 1217; x_wconf 82' lang='lat' dir='ltr'><strong>partis</strong></span> <span class='ocrx_word' id='word_1_37' title='bbox 993 1121 1132 1220; x_wconf 77' lang='lat' dir='ltr'><strong>primae,</strong></span> <span class='ocrx_word' id='word_1_38' title='bbox 1164 1123 1260 1194; x_wconf 84' lang='lat' dir='ltr'><strong>houd</strong></span> <span class='ocrx_word' id='word_1_39' title='bbox 1287 1123 1385 1196; x_wconf 93' lang='lat' dir='ltr'><strong>idem</strong></span> 
     </span>
     <span class='ocr_line' id='line_1_7' title="bbox 187 1252 1386 1354; baseline 0.003 -25"><span class='ocrx_word' id='word_1_40' title='bbox 187 1255 324 1354; x_wconf 89' lang='lat' dir='ltr'><strong>ubique</strong></span> <span class='ocrx_word' id='word_1_41' title='bbox 349 1265 405 1328; x_wconf 90' lang='lat' dir='ltr'><strong>est</strong></span> <span class='ocrx_word' id='word_1_42' title='bbox 431 1252 615 1326; x_wconf 87' lang='lat' dir='ltr'><strong>literarum</strong></span> <span class='ocrx_word' id='word_1_43' title='bbox 650 1276 844 1342; x_wconf 91' lang='lat' dir='ltr'><strong>numerus;</strong></span> <span class='ocrx_word' id='word_1_44' title='bbox 873 1257 909 1328; x_wconf 95' lang='lat' dir='ltr'><strong>in</strong></span> <span class='ocrx_word' id='word_1_45' title='bbox 936 1257 1098 1330; x_wconf 87' lang='lat' dir='ltr'><strong>secunda</strong></span> <span class='ocrx_word' id='word_1_46' title='bbox 1121 1265 1225 1353; x_wconf 86' lang='lat' dir='ltr'><strong>parte</strong></span> <span class='ocrx_word' id='word_1_47' title='bbox 1250 1257 1386 1354; x_wconf 86' lang='lat' dir='ltr'><strong>ubique</strong></span> 
     </span>
     <span class='ocr_line' id='line_1_8' title="bbox 188 1364 1445 1484; baseline 0.002 -26"><span class='ocrx_word' id='word_1_48' title='bbox 188 1396 238 1476; x_wconf 63' lang='grc' dir='ltr'><em>ῃ</em></span> <span class='ocrx_word' id='word_1_49' title='bbox 255 1385 368 1463; x_wconf 67' lang='lat' dir='ltr'><strong>fuine</strong></span> <span class='ocrx_word' id='word_1_50' title='bbox 386 1385 508 1458; x_wconf 73' lang='lat' dir='ltr'><strong>eredo.</strong></span> <span class='ocrx_word' id='word_1_51' title='bbox 559 1382 744 1457; x_wconf 65' lang='lat' dir='ltr'><strong>uenimus</strong></span> <span class='ocrx_word' id='word_1_52' title='bbox 761 1393 808 1473; x_wconf 81' lang='lat'><strong>⁷³</strong></span> <span class='ocrx_word' id='word_1_53' title='bbox 828 1384 956 1484; x_wconf 68' lang='lat' dir='ltr'><strong>injicit.</strong></span> <span class='ocrx_word' id='word_1_54' title='bbox 1009 1386 1081 1459; x_wconf 78' lang='lat' dir='ltr'><strong>cu</strong></span> <span class='ocrx_word' id='word_1_55' title='bbox 1099 1408 1171 1458; x_wconf 78' lang='lat' dir='ltr'><strong>non</strong></span> <span class='ocrx_word' id='word_1_56' title='bbox 1195 1364 1383 1460; x_wconf 64' lang='lat' dir='ltr'><strong>seinos.</strong></span> <span class='ocrx_word' id='word_1_57' title='bbox 1442 1425 1445 1434; x_wconf 83' lang='lat'>·</span> 
     </span>
     <span class='ocr_line' id='line_1_9' title="bbox 188 1513 1385 1614; baseline 0 -26"><span class='ocrx_word' id='word_1_58' title='bbox 188 1515 233 1588; x_wconf 92' lang='lat' dir='ltr'><strong>ln</strong></span> <span class='ocrx_word' id='word_1_59' title='bbox 251 1513 348 1587; x_wconf 89' lang='lat' dir='ltr'><strong>linea</strong></span> <span class='ocrx_word' id='word_1_60' title='bbox 373 1519 487 1600; x_wconf 82' lang='lat' dir='ltr'><strong>sexta,</strong></span> <span class='ocrx_word' id='word_1_61' title='bbox 515 1513 669 1610; x_wconf 84' lang='lat' dir='ltr'><strong>exempli</strong></span> <span class='ocrx_word' id='word_1_62' title='bbox 694 1513 824 1611; x_wconf 81' lang='lat' dir='ltr'><strong>gratia,</strong></span> <span class='ocrx_word' id='word_1_63' title='bbox 851 1515 913 1587; x_wconf 92' lang='lat' dir='ltr'><strong>ubi</strong></span> <span class='ocrx_word' id='word_1_64' title='bbox 939 1517 1061 1589; x_wconf 82' lang='lat' dir='ltr'><strong>omnia</strong></span> <span class='ocrx_word' id='word_1_65' title='bbox 1083 1517 1120 1589; x_wconf 91' lang='lat' dir='ltr'><strong>in</strong></span> <span class='ocrx_word' id='word_1_66' title='bbox 1146 1527 1272 1614; x_wconf 86' lang='lat' dir='ltr'><strong>aperto</strong></span> <span class='ocrx_word' id='word_1_67' title='bbox 1289 1526 1385 1603; x_wconf 91' lang='lat' dir='ltr'><strong>sunt,</strong></span> 
     </span>
     <span class='ocr_line' id='line_1_10' title="bbox 187 1645 1388 1748; baseline -0.001 -26"><span class='ocrx_word' id='word_1_68' title='bbox 187 1648 257 1722; x_wconf 82' lang='lat' dir='ltr'><strong>ntia</strong></span> <span class='ocrx_word' id='word_1_69' title='bbox 290 1647 397 1722; x_wconf 85' lang='lat' dir='ltr'><strong>litera</strong></span> <span class='ocrx_word' id='word_1_70' title='bbox 430 1647 530 1747; x_wconf 88' lang='lat' dir='ltr'><strong>injici</strong></span> <span class='ocrx_word' id='word_1_71' title='bbox 566 1645 708 1745; x_wconf 90' lang='lat' dir='ltr'><strong>nequit.</strong></span> <span class='ocrx_word' id='word_1_72' title='bbox 753 1645 892 1722; x_wconf 87' lang='lat' dir='ltr'><strong>Nescio</strong></span> <span class='ocrx_word' id='word_1_73' title='bbox 924 1648 1069 1747; x_wconf 89' lang='lat' dir='ltr'><strong>quidem</strong></span> <span class='ocrx_word' id='word_1_74' title='bbox 1104 1674 1152 1723; x_wconf 84' lang='lat' dir='ltr'><strong>an</strong></span> <span class='ocrx_word' id='word_1_75' title='bbox 1185 1673 1256 1748; x_wconf 86' lang='lat' dir='ltr'><strong>ego</strong></span> <span class='ocrx_word' id='word_1_76' title='bbox 1288 1657 1388 1722; x_wconf 89' lang='lat' dir='ltr'><strong>recte</strong></span> 
     </span>
     <span class='ocr_line' id='line_1_11' title="bbox 187 1779 1388 1882; baseline 0 -27"><span class='ocrx_word' id='word_1_77' title='bbox 187 1779 336 1857; x_wconf 77' lang='lat' dir='ltr'>fecerim</span> <span class='ocrx_word' id='word_1_78' title='bbox 366 1781 429 1877; x_wconf 92' lang='lat' dir='ltr'><strong>qui</strong></span> <span class='ocrx_word' id='word_1_79' title='bbox 461 1781 573 1856; x_wconf 90' lang='lat' dir='ltr'><strong>verbo</strong></span> <span class='ocrx_word' id='word_1_80' title='bbox 603 1782 870 1880; x_wconf 74' lang='grc' dir='ltr'>ἀπορραντήριον</span> <span class='ocrx_word' id='word_1_81' title='bbox 898 1785 1079 1882; x_wconf 82' lang='lat' dir='ltr'>duplicem</span> <span class='ocrx_word' id='word_1_82' title='bbox 1107 1819 1129 1882; x_wconf 85' lang='grc' dir='ltr'>ρ</span> <span class='ocrx_word' id='word_1_83' title='bbox 1156 1787 1214 1880; x_wconf 92' lang='lat' dir='ltr'><strong>(ut</strong></span> <span class='ocrx_word' id='word_1_84' title='bbox 1244 1795 1388 1881; x_wconf 80' lang='lat' dir='ltr'><strong>septua-</strong></span> 
     </span>
     <span class='ocr_line' id='line_1_12' title="bbox 187 1907 1387 2010; baseline -0.001 -25"><span class='ocrx_word' id='word_1_85' title='bbox 187 1911 291 2010; x_wconf 80' lang='lat' dir='ltr'><strong>ginta</strong></span> <span class='ocrx_word' id='word_1_86' title='bbox 309 1931 390 1984; x_wconf 92' lang='lat' dir='ltr'><strong>cum</strong></span> <span class='ocrx_word' id='word_1_87' title='bbox 409 1910 551 1983; x_wconf 92' lang='lat' dir='ltr'><strong>duobus</strong></span> <span class='ocrx_word' id='word_1_88' title='bbox 566 1909 679 1982; x_wconf 84' lang='lat' dir='ltr'><strong>literis</strong></span> <span class='ocrx_word' id='word_1_89' title='bbox 696 1907 893 2003; x_wconf 88' lang='lat' dir='ltr'><strong>efficerem)</strong></span> <span class='ocrx_word' id='word_1_90' title='bbox 909 1911 1107 1986; x_wconf 79' lang='lat' dir='ltr'>tribuerim.</span> <span class='ocrx_word' id='word_1_91' title='bbox 1149 1911 1251 1986; x_wconf 84' lang='lat' dir='ltr'><strong>lnfm</strong></span> <span class='ocrx_word' id='word_1_92' title='bbox 1265 1920 1387 1984; x_wconf 88' lang='lat' dir='ltr'><strong>autem</strong></span> 
     </span>
    </p>
   </div>
   <div class='ocr_carea' id='block_1_4' title="bbox 146 2037 1388 2264">
    <p class='ocr_par' dir='ltr' id='par_1_4' title="bbox 146 2037 1388 2264">
     <span class='ocr_line' id='line_1_13' title="bbox 146 2037 1388 2147; baseline 0 -32"><span class='ocrx_word' id='word_1_93' title='bbox 146 2043 149 2048; x_wconf 80' lang='grc'>’</span> <span class='ocrx_word' id='word_1_94' title='bbox 187 2043 344 2147; x_wconf 77' lang='lat' dir='ltr'><strong>legimus</strong></span> <span class='ocrx_word' id='word_1_95' title='bbox 371 2039 411 2132; x_wconf 73' lang='grc' dir='ltr'><strong>ἐξ</strong></span> <span class='ocrx_word' id='word_1_96' title='bbox 435 2037 471 2123; x_wconf 70' lang='grc' dir='ltr'><strong>ἧς</strong></span> <span class='ocrx_word' id='word_1_97' title='bbox 496 2041 763 2136; x_wconf 78' lang='grc' dir='ltr'><strong>ἁπορραὶνονπαι.</strong></span> <span class='ocrx_word' id='word_1_98' title='bbox 804 2038 898 2126; x_wconf 79' lang='lat' dir='ltr'><strong>Quae</strong></span> <span class='ocrx_word' id='word_1_99' title='bbox 923 2052 1127 2135; x_wconf 88' lang='lat' dir='ltr'><strong>sequuntur</strong></span> <span class='ocrx_word' id='word_1_100' title='bbox 1152 2051 1248 2114; x_wconf 87' lang='lat' dir='ltr'><strong>notae</strong></span> <span class='ocrx_word' id='word_1_101' title='bbox 1269 2043 1317 2115; x_wconf 84' lang='lat' dir='ltr'><strong>ad</strong></span> <span class='ocrx_word' id='word_1_102' title='bbox 1332 2066 1388 2115; x_wconf 92' lang='lat' dir='ltr'><strong>se·</strong></span> 
     </span>
     <span class='ocr_line' id='line_1_14' title="bbox 188 2166 1226 2264; baseline -0.004 -19"><span class='ocrx_word' id='word_1_103' title='bbox 188 2173 345 2245; x_wconf 84' lang='lat' dir='ltr'><strong>cundem</strong></span> <span class='ocrx_word' id='word_1_104' title='bbox 363 2177 501 2264; x_wconf 91' lang='lat' dir='ltr'><strong>partem</strong></span> <span class='ocrx_word' id='word_1_105' title='bbox 520 2177 644 2262; x_wconf 80' lang='lat' dir='ltr'>utpote</span> <span class='ocrx_word' id='word_1_106' title='bbox 663 2166 782 2238; x_wconf 88' lang='lat' dir='ltr'><strong>minus</strong></span> <span class='ocrx_word' id='word_1_107' title='bbox 801 2166 960 2238; x_wconf 85' lang='lat' dir='ltr'><strong>mutilam</strong></span> <span class='ocrx_word' id='word_1_108' title='bbox 978 2169 1175 2262; x_wconf 82' lang='lat' dir='ltr'><strong>pertinent.</strong></span> <span class='ocrx_word' id='word_1_109' title='bbox 1221 2174 1226 2188; x_wconf 93' lang='lat'>&#39;</span> 
     </span>
    </p>
   </div>
   <div class='ocr_carea' id='block_1_5' title="bbox 187 2292 1393 3966">
    <p class='ocr_par' dir='ltr' id='par_1_5' title="bbox 187 2292 1392 3171">
     <span class='ocr_line' id='line_1_15' title="bbox 266 2292 1391 2393; baseline -0.002 -19"><span class='ocrx_word' id='word_1_110' title='bbox 266 2301 309 2374; x_wconf 85' lang='lat' dir='ltr'><strong>L.</strong></span> <span class='ocrx_word' id='word_1_111' title='bbox 329 2313 363 2371; x_wconf 75' lang='lat'><strong>2.</strong></span> <span class='ocrx_word' id='word_1_112' title='bbox 401 2299 481 2375; x_wconf 76' lang='grc' dir='ltr'>Τοῖς</span> <span class='ocrx_word' id='word_1_113' title='bbox 501 2302 642 2381; x_wconf 66' lang='lat' dir='ltr'><strong>&#39;raptae</strong></span> <span class='ocrx_word' id='word_1_114' title='bbox 674 2292 865 2393; x_wconf 74' lang='grc' dir='ltr'><em>Πυθοδώρῳ.</em></span> <span class='ocrx_word' id='word_1_115' title='bbox 913 2297 1004 2388; x_wconf 86' lang='lat' dir='ltr'><strong>Quis</strong></span> <span class='ocrx_word' id='word_1_116' title='bbox 1038 2321 1084 2371; x_wconf 87' lang='lat' dir='ltr'><strong>ex</strong></span> <span class='ocrx_word' id='word_1_117' title='bbox 1117 2300 1242 2371; x_wconf 90' lang='lat' dir='ltr'><strong>decem</strong></span> <span class='ocrx_word' id='word_1_118' title='bbox 1280 2299 1391 2389; x_wconf 77' lang='lat' dir='ltr'><strong>Quae·</strong></span> 
     </span>
     <span class='ocr_line' id='line_1_16' title="bbox 187 2401 1390 2527; baseline -0.001 -23"><span class='ocrx_word' id='word_1_119' title='bbox 187 2432 347 2505; x_wconf 86' lang='lat' dir='ltr'><strong>storibua</strong></span> <span class='ocrx_word' id='word_1_120' title='bbox 374 2452 450 2524; x_wconf 87' lang='lat' dir='ltr'><strong>prae</strong></span> <span class='ocrx_word' id='word_1_121' title='bbox 481 2401 623 2504; x_wconf 81' lang='lat' dir='ltr'><strong>caeteris</strong></span> <span class='ocrx_word' id='word_1_122' title='bbox 650 2429 911 2517; x_wconf 83' lang='lat' dir='ltr'><strong>nominaretur,</strong></span> <span class='ocrx_word' id='word_1_123' title='bbox 945 2430 1040 2502; x_wconf 90' lang='lat' dir='ltr'><strong>haud</strong></span> <span class='ocrx_word' id='word_1_124' title='bbox 1075 2427 1242 2527; x_wconf 88' lang='lat' dir='ltr'><strong>expedio.</strong></span> <span class='ocrx_word' id='word_1_125' title='bbox 1296 2429 1390 2503; x_wconf 84' lang='lat' dir='ltr'><strong>Cum</strong></span> 
     </span>
     <span class='ocr_line' id='line_1_17' title="bbox 187 2543 1389 2661; baseline -0.004 -21"><span class='ocrx_word' id='word_1_126' title='bbox 187 2575 311 2640; x_wconf 89' lang='lat' dir='ltr'><strong>autem</strong></span> <span class='ocrx_word' id='word_1_127' title='bbox 330 2585 377 2636; x_wconf 85' lang='lat' dir='ltr'><strong>ex</strong></span> <span class='ocrx_word' id='word_1_128' title='bbox 395 2558 650 2657; x_wconf 89' lang='lat' dir='ltr'><strong>inscriptione¹</strong></span> <span class='ocrx_word' id='word_1_129' title='bbox 675 2583 786 2655; x_wconf 85' lang='lat' dir='ltr'><strong>supra</strong></span> <span class='ocrx_word' id='word_1_130' title='bbox 803 2559 931 2656; x_wconf 89' lang='lat' dir='ltr'><strong>posita,</strong></span> <span class='ocrx_word' id='word_1_131' title='bbox 950 2559 1113 2636; x_wconf 83' lang='lat' dir='ltr'><strong>ordinem</strong></span> <span class='ocrx_word' id='word_1_132' title='bbox 1135 2543 1389 2661; x_wconf 83' lang='lat' dir='ltr'><strong>Prytaniarum</strong></span> 
     </span>
     <span class='ocr_line' id='line_1_18' title="bbox 189 2691 1392 2796; baseline -0.001 -26"><span class='ocrx_word' id='word_1_133' title='bbox 189 2693 382 2796; x_wconf 79' lang='lat' dir='ltr'><strong>quotannis</strong></span> <span class='ocrx_word' id='word_1_134' title='bbox 416 2693 543 2766; x_wconf 87' lang='lat' dir='ltr'><strong>mutari</strong></span> <span class='ocrx_word' id='word_1_135' title='bbox 579 2703 733 2779; x_wconf 88' lang='lat' dir='ltr'><strong>constet,</strong></span> <span class='ocrx_word' id='word_1_136' title='bbox 763 2691 822 2765; x_wconf 88' lang='lat' dir='ltr'><strong>ilie</strong></span> <span class='ocrx_word' id='word_1_137' title='bbox 853 2693 974 2766; x_wconf 86' lang='lat' dir='ltr'><strong>forsan</strong></span> <span class='ocrx_word' id='word_1_138' title='bbox 1005 2719 1148 2790; x_wconf 90' lang='lat' dir='ltr'><strong>semper</strong></span> <span class='ocrx_word' id='word_1_139' title='bbox 1182 2694 1392 2768; x_wconf 85' lang='lat' dir='ltr'><strong>nominatur</strong></span> 
     </span>
     <span class='ocr_line' id='line_1_19' title="bbox 187 2817 1390 2924; baseline -0.002 -27"><span class='ocrx_word' id='word_1_140' title='bbox 187 2825 293 2924; x_wconf 88' lang='lat' dir='ltr'><strong>cujus</strong></span> <span class='ocrx_word' id='word_1_141' title='bbox 309 2821 424 2896; x_wconf 88' lang='lat' dir='ltr'><strong>tribus</strong></span> <span class='ocrx_word' id='word_1_142' title='bbox 451 2843 497 2893; x_wconf 91' lang='lat' dir='ltr'><strong>eo</strong></span> <span class='ocrx_word' id='word_1_143' title='bbox 518 2841 616 2893; x_wconf 85' lang='lat' dir='ltr'><strong>anno</strong></span> <span class='ocrx_word' id='word_1_144' title='bbox 632 2818 750 2916; x_wconf 87' lang='lat' dir='ltr'><strong>prima</strong></span> <span class='ocrx_word' id='word_1_145' title='bbox 775 2817 902 2888; x_wconf 88' lang='lat' dir='ltr'><strong>ordine</strong></span> <span class='ocrx_word' id='word_1_146' title='bbox 920 2829 1024 2891; x_wconf 88' lang='lat' dir='ltr'><strong>esset.</strong></span> <span class='ocrx_word' id='word_1_147' title='bbox 1077 2819 1136 2892; x_wconf 81' lang='lat' dir='ltr'><strong>Ex</strong></span> <span class='ocrx_word' id='word_1_148' title='bbox 1158 2819 1220 2892; x_wconf 86' lang='lat' dir='ltr'><strong>ilia</strong></span> <span class='ocrx_word' id='word_1_149' title='bbox 1242 2845 1390 2919; x_wconf 88' lang='lat' dir='ltr'><strong>quoque</strong></span> 
     </span>
     <span class='ocr_line' id='line_1_20' title="bbox 189 2945 1389 3049; baseline -0.018 -22"><span class='ocrx_word' id='word_1_150' title='bbox 189 2951 423 3049; x_wconf 77' lang='lat' dir='ltr'><strong>inscriptione</strong></span> <span class='ocrx_word' id='word_1_151' title='bbox 451 2972 493 3020; x_wconf 85' lang='lat' dir='ltr'><strong>ea</strong></span> <span class='ocrx_word' id='word_1_152' title='bbox 512 2971 597 3041; x_wconf 81' lang='lat' dir='ltr'><strong>quae</strong></span> <span class='ocrx_word' id='word_1_153' title='bbox 616 2947 807 3018; x_wconf 87' lang='lat' dir='ltr'><strong>Osannus²</strong></span> <span class='ocrx_word' id='word_1_154' title='bbox 845 2945 904 3014; x_wconf 87' lang='lat' dir='ltr'><strong>hie</strong></span> <span class='ocrx_word' id='word_1_155' title='bbox 928 2968 1061 3042; x_wconf 78' lang='lat' dir='ltr'><strong>magno</strong></span> <span class='ocrx_word' id='word_1_156' title='bbox 1079 2971 1190 3042; x_wconf 72' lang='lat' dir='ltr'><strong>opere</strong></span> <span class='ocrx_word' id='word_1_157' title='bbox 1216 2951 1262 3020; x_wconf 68' lang='lat' dir='ltr'><strong>de</strong></span> <span class='ocrx_word' id='word_1_158' title='bbox 1279 2949 1389 3040; x_wconf 70' lang='lat' dir='ltr'>Quae.</span> 
     </span>
     <span class='ocr_line' id='line_1_21' title="bbox 188 3069 1137 3171; baseline -0.018 -11"><span class='ocrx_word' id='word_1_159' title='bbox 188 3097 326 3160; x_wconf 84' lang='lat' dir='ltr'><strong>storum</strong></span> <span class='ocrx_word' id='word_1_160' title='bbox 344 3079 471 3156; x_wconf 87' lang='lat' dir='ltr'><strong>ordine</strong></span> <span class='ocrx_word' id='word_1_161' title='bbox 488 3069 812 3171; x_wconf 71' lang='lat' dir='ltr'><strong>scripseritnauci</strong></span> <span class='ocrx_word' id='word_1_162' title='bbox 830 3094 909 3143; x_wconf 89' lang='lat' dir='ltr'><strong>esse</strong></span> <span class='ocrx_word' id='word_1_163' title='bbox 927 3071 1012 3143; x_wconf 88' lang='lat' dir='ltr'><strong>satis</strong></span> <span class='ocrx_word' id='word_1_164' title='bbox 1029 3083 1137 3168; x_wconf 88' lang='lat' dir='ltr'><strong>patet.</strong></span> 
     </span>
    </p>

    <p class='ocr_par' dir='ltr' id='par_1_6' title="bbox 190 3201 1393 3702">
     <span class='ocr_line' id='line_1_22' title="bbox 239 3201 1392 3301; baseline -0.005 -14"><span class='ocrx_word' id='word_1_165' title='bbox 239 3255 244 3262; x_wconf 94' lang='lat'><em>·</em></span> <span class='ocrx_word' id='word_1_166' title='bbox 268 3215 312 3288; x_wconf 84' lang='lat' dir='ltr'><strong>L.</strong></span> <span class='ocrx_word' id='word_1_167' title='bbox 329 3225 362 3285; x_wconf 90' lang='lat'><strong>5.</strong></span> <span class='ocrx_word' id='word_1_168' title='bbox 397 3203 643 3301; x_wconf 65' lang='lat' dir='ltr'><strong>&#39;Exaropsre&#39;ip</strong></span> <span class='ocrx_word' id='word_1_169' title='bbox 687 3203 786 3280; x_wconf 87' lang='lat' dir='ltr'><strong>Huic</strong></span> <span class='ocrx_word' id='word_1_170' title='bbox 812 3201 891 3277; x_wconf 85' lang='lat' dir='ltr'><strong>roci</strong></span> <span class='ocrx_word' id='word_1_171' title='bbox 918 3227 1018 3278; x_wconf 86' lang='lat' dir='ltr'><strong>suam</strong></span> <span class='ocrx_word' id='word_1_172' title='bbox 1045 3205 1306 3300; x_wconf 74' lang='lat' dir='ltr'><strong>aspirationem</strong></span> <span class='ocrx_word' id='word_1_173' title='bbox 1328 3209 1392 3281; x_wconf 92' lang='lat' dir='ltr'><strong>tri-</strong></span> 
     </span>
     <span class='ocr_line' id='line_1_23' title="bbox 190 3335 1390 3437; baseline -0.008 -14"><span class='ocrx_word' id='word_1_174' title='bbox 190 3347 268 3434; x_wconf 92' lang='lat' dir='ltr'><strong>bui,</strong></span> <span class='ocrx_word' id='word_1_175' title='bbox 285 3367 367 3418; x_wconf 88' lang='lat' dir='ltr'><strong>cum</strong></span> <span class='ocrx_word' id='word_1_176' title='bbox 385 3341 435 3414; x_wconf 87' lang='lat' dir='ltr'><strong>ita</strong></span> <span class='ocrx_word' id='word_1_177' title='bbox 452 3341 666 3437; x_wconf 90' lang='lat' dir='ltr'><strong>plerumque</strong></span> <span class='ocrx_word' id='word_1_178' title='bbox 688 3338 821 3412; x_wconf 83' lang='lat' dir='ltr'><strong>factum</strong></span> <span class='ocrx_word' id='word_1_179' title='bbox 839 3336 876 3408; x_wconf 94' lang='lat' dir='ltr'><strong>in</strong></span> <span class='ocrx_word' id='word_1_180' title='bbox 898 3335 952 3408; x_wconf 87' lang='lat' dir='ltr'><strong>his</strong></span> <span class='ocrx_word' id='word_1_181' title='bbox 970 3336 1209 3410; x_wconf 84' lang='lat' dir='ltr'><strong>marmoribus</strong></span> <span class='ocrx_word' id='word_1_182' title='bbox 1237 3336 1390 3428; x_wconf 87' lang='lat' dir='ltr'><strong>videam,</strong></span> 
     </span>
     <span class='ocr_line' id='line_1_24' title="bbox 192 3467 1393 3576; baseline -0.008 -23"><span class='ocrx_word' id='word_1_183' title='bbox 192 3481 306 3576; x_wconf 89' lang='lat' dir='ltr'><strong>idque</strong></span> <span class='ocrx_word' id='word_1_184' title='bbox 324 3471 415 3547; x_wconf 84' lang='lat' dir='ltr'><strong>ratio</strong></span> <span class='ocrx_word' id='word_1_185' title='bbox 432 3471 616 3546; x_wconf 78' lang='lat' dir='ltr'><strong>literarum</strong></span> <span class='ocrx_word' id='word_1_186' title='bbox 642 3471 811 3568; x_wconf 85' lang='lat' dir='ltr'><strong>patiatur.</strong></span> <span class='ocrx_word' id='word_1_187' title='bbox 865 3469 1034 3543; x_wconf 83' lang='lat' dir='ltr'><strong>Attamen</strong></span> <span class='ocrx_word' id='word_1_188' title='bbox 1061 3467 1157 3542; x_wconf 81' lang='lat' dir='ltr'><strong>infru</strong></span> <span class='ocrx_word' id='word_1_189' title='bbox 1176 3469 1213 3565; x_wconf 93' lang='grc' dir='ltr'><strong>(Ι.</strong></span> <span class='ocrx_word' id='word_1_190' title='bbox 1232 3474 1308 3566; x_wconf 82' lang='lat'><strong>20.)</strong></span> <span class='ocrx_word' id='word_1_191' title='bbox 1328 3482 1393 3544; x_wconf 88' lang='lat' dir='ltr'><strong>aut</strong></span> 
     </span>
     <span class='ocr_line' id='line_1_25' title="bbox 192 3599 1119 3702; baseline -0.01 -21"><span class='ocrx_word' id='word_1_192' title='bbox 192 3602 384 3702; x_wconf 85' lang='lat' dir='ltr'><strong>sculptoris</strong></span> <span class='ocrx_word' id='word_1_193' title='bbox 400 3612 464 3675; x_wconf 90' lang='lat' dir='ltr'><strong>aut</strong></span> <span class='ocrx_word' id='word_1_194' title='bbox 481 3601 678 3676; x_wconf 86' lang='lat' dir='ltr'><strong>Chandleri</strong></span> <span class='ocrx_word' id='word_1_195' title='bbox 696 3624 819 3676; x_wconf 88' lang='lat' dir='ltr'><strong>errore</strong></span> <span class='ocrx_word' id='word_1_196' title='bbox 837 3602 945 3672; x_wconf 83' lang='lat' dir='ltr'><strong>deest</strong></span> <span class='ocrx_word' id='word_1_197' title='bbox 963 3599 1119 3694; x_wconf 90' lang='lat' dir='ltr'><strong>spiritus.</strong></span> 
     </span>
    </p>

    <p class='ocr_par' dir='ltr' id='par_1_7' title="bbox 197 3729 1389 3966">
     <span class='ocr_line' id='line_1_26' title="bbox 273 3729 1389 3834; baseline -0.001 -25"><span class='ocrx_word' id='word_1_198' title='bbox 273 3737 317 3811; x_wconf 86' lang='lat' dir='ltr'><strong>L.</strong></span> <span class='ocrx_word' id='word_1_199' title='bbox 332 3733 369 3808; x_wconf 88' lang='lat'><strong>6.</strong></span> <span class='ocrx_word' id='word_1_200' title='bbox 412 3737 515 3834; x_wconf 81' lang='grc' dir='ltr'><strong>Κόρη.</strong></span> <span class='ocrx_word' id='word_1_201' title='bbox 564 3735 793 3832; x_wconf 82' lang='lat' dir='ltr'><strong>Proserpina,</strong></span> <span class='ocrx_word' id='word_1_202' title='bbox 833 3735 862 3806; x_wconf 91' lang='lat' dir='ltr'><strong>si</strong></span> <span class='ocrx_word' id='word_1_203' title='bbox 895 3733 1105 3807; x_wconf 87' lang='lat' dir='ltr'><strong>Chandlero</strong></span> <span class='ocrx_word' id='word_1_204' title='bbox 1142 3735 1280 3822; x_wconf 74' lang='lat' dir='ltr'><strong>eredis,</strong></span> <span class='ocrx_word' id='word_1_205' title='bbox 1328 3729 1389 3809; x_wconf 89' lang='lat' dir='ltr'><strong>sed</strong></span> 
     </span>
     <span class='ocr_line' id='line_1_27' title="bbox 197 3865 1189 3966; baseline -0.008 -18"><span class='ocrx_word' id='word_1_206' title='bbox 197 3869 380 3950; x_wconf 84' lang='lat' dir='ltr'><strong>Biiekhius</strong></span> <span class='ocrx_word' id='word_1_207' title='bbox 406 3893 556 3966; x_wconf 85' lang='lat' dir='ltr'><strong>pupam,</strong></span> <span class='ocrx_word' id='word_1_208' title='bbox 582 3867 640 3940; x_wconf 86' lang='lat' dir='ltr'><strong>vel</strong></span> <span class='ocrx_word' id='word_1_209' title='bbox 665 3865 819 3965; x_wconf 84' lang='lat' dir='ltr'><strong>figuram</strong></span> <span class='ocrx_word' id='word_1_210' title='bbox 847 3871 946 3951; x_wconf 72' lang='grc' dir='ltr'>Νίκης</span> <span class='ocrx_word' id='word_1_211' title='bbox 972 3890 1051 3939; x_wconf 90' lang='lat' dir='ltr'><strong>esse</strong></span> <span class='ocrx_word' id='word_1_212' title='bbox 1077 3877 1189 3963; x_wconf 90' lang='lat' dir='ltr'><strong>putat.</strong></span> 
     </span>
    </p>
   </div>
   <div class='ocr_carea' id='block_1_6' title="bbox 237 4137 1393 4213">
    <p class='ocr_par' dir='ltr' id='par_1_8' title="bbox 237 4137 1393 4213">
     <span class='ocr_line' id='line_1_28' title="bbox 237 4137 1393 4213; baseline -0.005 -9"><span class='ocrx_word' id='word_1_213' title='bbox 237 4145 320 4205; x_wconf 75' lang='grc'><strong>101.</strong></span> <span class='ocrx_word' id='word_1_214' title='bbox 343 4161 398 4202; x_wconf 84' lang='lat'>111.</span> <span class='ocrx_word' id='word_1_215' title='bbox 439 4143 513 4200; x_wconf 87' lang='lat' dir='ltr'><strong>Sect.</strong></span> <span class='ocrx_word' id='word_1_216' title='bbox 529 4158 553 4198; x_wconf 91' lang='lat'><strong>1.</strong></span> <span class='ocrx_word' id='word_1_217' title='bbox 599 4139 687 4200; x_wconf 85' lang='lat' dir='ltr'><strong>inser.</strong></span> <span class='ocrx_word' id='word_1_218' title='bbox 706 4143 768 4197; x_wconf 79' lang='lat' dir='ltr'><strong>vm.</strong></span> <span class='ocrx_word' id='word_1_219' title='bbox 819 4137 919 4213; x_wconf 86' lang='lat' dir='ltr'><strong>protuli</strong></span> <span class='ocrx_word' id='word_1_220' title='bbox 939 4137 1118 4211; x_wconf 86' lang='lat' dir='ltr'><strong>sententiam,</strong></span> <span class='ocrx_word' id='word_1_221' title='bbox 1137 4139 1393 4198; x_wconf 82' lang='lat' dir='ltr'><strong>coufirmatCorsi-</strong></span> 
     </span>
    </p>
   </div>
   <div class='ocr_carea' id='block_1_7' title="bbox 196 4238 1391 4519">
    <p class='ocr_par' dir='ltr' id='par_1_9' title="bbox 196 4238 1391 4519">
     <span class='ocr_line' id='line_1_29' title="bbox 198 4238 1391 4317; baseline -0.007 -13"><span class='ocrx_word' id='word_1_222' title='bbox 198 4249 232 4306; x_wconf 91' lang='lat' dir='ltr'><strong>ln</strong></span> <span class='ocrx_word' id='word_1_223' title='bbox 258 4241 307 4300; x_wconf 84' lang='lat' dir='ltr'><strong>ilio</strong></span> <span class='ocrx_word' id='word_1_224' title='bbox 333 4241 395 4300; x_wconf 88' lang='lat' dir='ltr'><strong>loco</strong></span> <span class='ocrx_word' id='word_1_225' title='bbox 425 4239 528 4298; x_wconf 83' lang='lat' dir='ltr'><strong>calami</strong></span> <span class='ocrx_word' id='word_1_226' title='bbox 563 4238 644 4314; x_wconf 86' lang='lat' dir='ltr'><strong>lapsu</strong></span> <span class='ocrx_word' id='word_1_227' title='bbox 671 4239 770 4296; x_wconf 86' lang='lat' dir='ltr'><strong>“ordo</strong></span> <span class='ocrx_word' id='word_1_228' title='bbox 819 4257 870 4296; x_wconf 90' lang='lat' dir='ltr'><strong>nus</strong></span> <span class='ocrx_word' id='word_1_229' title='bbox 884 4239 911 4296; x_wconf 90' lang='lat' dir='ltr'><strong>in</strong></span> <span class='ocrx_word' id='word_1_230' title='bbox 925 4241 1037 4317; x_wconf 86' lang='lat' dir='ltr'><strong>egregia</strong></span> <span class='ocrx_word' id='word_1_231' title='bbox 1048 4240 1234 4315; x_wconf 75' lang='lat' dir='ltr'><strong>disputatione</strong></span> <span class='ocrx_word' id='word_1_232' title='bbox 1248 4241 1391 4300; x_wconf 80' lang='lat' dir='ltr'>F.A.T.1.</span> 
     </span>
     <span class='ocr_line' id='line_1_30' title="bbox 196 4335 963 4406; baseline -0.005 -5"><span class='ocrx_word' id='word_1_233' title='bbox 196 4336 338 4402; x_wconf 83' lang='lat' dir='ltr'><strong>tribuum”</strong></span> <span class='ocrx_word' id='word_1_234' title='bbox 370 4335 441 4406; x_wconf 88' lang='lat' dir='ltr'><strong>dixi,</strong></span> <span class='ocrx_word' id='word_1_235' title='bbox 474 4335 521 4392; x_wconf 93' lang='lat' dir='ltr'><strong>ubi</strong></span> <span class='ocrx_word' id='word_1_236' title='bbox 555 4335 636 4392; x_wconf 87' lang='lat' dir='ltr'><strong>debui</strong></span> <span class='ocrx_word' id='word_1_237' title='bbox 663 4337 768 4394; x_wconf 90' lang='lat' dir='ltr'><strong>“ordo</strong></span> <span class='ocrx_word' id='word_1_238' title='bbox 820 4337 897 4396; x_wconf 83' lang='lat' dir='ltr'><strong>Dies.</strong></span> <span class='ocrx_word' id='word_1_239' title='bbox 908 4339 963 4398; x_wconf 91' lang='lat' dir='ltr'><strong>1v.</strong></span> 
     </span>
     <span class='ocr_line' id='line_1_31' title="bbox 198 4432 1056 4519; baseline -0.006 -22"><span class='ocrx_word' id='word_1_240' title='bbox 198 4437 424 4519; x_wconf 85' lang='lat' dir='ltr'><strong>Prytauiarum.’&#39;</strong></span> <span class='ocrx_word' id='word_1_241' title='bbox 464 4435 559 4502; x_wconf 84' lang='lat' dir='ltr'><strong>Quam</strong></span> <span class='ocrx_word' id='word_1_242' title='bbox 580 4435 608 4492; x_wconf 92' lang='lat' dir='ltr'><strong>in</strong></span> <span class='ocrx_word' id='word_1_243' title='bbox 635 4433 683 4494; x_wconf 87' lang='lat' dir='ltr'><strong>ilio</strong></span> <span class='ocrx_word' id='word_1_244' title='bbox 708 4433 768 4494; x_wconf 88' lang='lat' dir='ltr'><strong>loco</strong></span> <span class='ocrx_word' id='word_1_245' title='bbox 860 4433 873 4462; x_wconf 88' lang='lat'>²</span> <span class='ocrx_word' id='word_1_246' title='bbox 896 4435 929 4493; x_wconf 88' lang='lat' dir='ltr'><strong>P.</strong></span> <span class='ocrx_word' id='word_1_247' title='bbox 943 4432 993 4506; x_wconf 78' lang='lat'><strong>64,</strong></span> <span class='ocrx_word' id='word_1_248' title='bbox 1007 4433 1056 4492; x_wconf 80' lang='lat'><strong>65.</strong></span> 
     </span>
    </p>
   </div>
   <div class='ocr_carea' id='block_1_8' title="bbox 0 0 1614 5100">
    <p class='ocr_par' dir='ltr' id='par_1_10' title="bbox 0 0 1614 5100">
     <span class='ocr_line' id='line_1_32' title="bbox 0 0 1614 5100; baseline 0 0"><span class='ocrx_word' id='word_1_249' title='bbox 0 0 1614 5100; x_wconf 95' lang='lat' dir='ltr'><strong> </strong></span> 
     </span>
    </p>
   </div>
  </div>
 </body>
</html>
