3204 5104
161 405 354 488 lusca.›1.]
733 409 778 479 lo

159 586 247 660 itla'c.
302 579 586 683 Etymologistes
613 605 712 658 vero·
726 584 774 657 ab
803 572 883 662 ἔπος
906 583 1048 658 derivat
1078 593 1121 658 ut
1144 585 1197 658 sit·
1222 568 1363 674 ὀμοίτηο

160 721 327 820 AEqualis
339 747 351 807 ς
379 719 437 796 vel
461 720 508 792 ab
535 721 628 798 ίτεὸς
651 731 692 794 ut
718 719 765 794 sit
786 744 898 795 οονιιο
922 719 1101 795 amicus.”
1154 719 1363 819 Hesychius

153 850 254 926 ‘Em
274 903 284 923 .
302 851 433 948 ἑταῖροι
453 850 629 936 ,συνήθεις
650 857 819 924 ,πολῖται
838 908 846 924 .
865 848 1041 940 δημόπαιι.
1052 859 1150 952 φίλοι
1173 906 1182 924 .
1201 853 1366 950 ἐπίκουροι

152 983 261 1060 Ἔνος
290 1041 298 1057 .
324 983 401 1062 nois
435 984 509 1056 κατ’
540 988 721 1077 επιγαμίοο
751 991 854 1062 oleove
880 986 960 1057 acui
993 989 1136 1062 πολίτας
1163 977 1363 1060 .Ἔπαιοιν.

158 1119 302 1216 ἑταίρας
318 1175 326 1190 .
341 1123 508 1196 πολίταις.
549 1116 696 1191 Suldas.
725 1115 833 1203 Ἔτης
848 1119 888 1191 ,ὁ
913 1127 1054 1202 πολίτης
1072 1117 1160 1190 ,ἀπὸ
1175 1121 1236 1188 τοῦ
1258 1113 1362 1194 loom.

158 1247 337 1346 Knightio
380 1247 524 1322 videtur
553 1245 664 1336 Ἕτην
705 1272 820 1322 uuum
861 1271 940 1320 esse
982 1269 1090 1344 posse
1134 1269 1155 1318 e
1191 1247 1364 1322 societate

160 1384 346 1482 (ἑταιρείᾳ)
404 1404 450 1456 ex
502 1380 571 1454 illis
627 1380 767 1456 civibus
827 1381 1007 1456 constanti
1057 1381 1190 1478 quibus
1245 1378 1364 1454 officio

159 1543 389 1617 muneraque
440 1519 573 1593 tradita
619 1529 716 1606 sunt,
766 1521 928 1618 quamvis
980 1519 1190 1618 simpliciter
1238 1530 1365 1618 posteo

158 1659 275 1726 vertat
304 1649 409 1729 οἱοιὶς.
461 1651 516 1725 En
543 1662 643 1727 certe
668 1651 828 1752 vulgetis
856 1653 1023 1727 vocabuli
1050 1651 1269 1752 significatio
1295 1673 1366 1726 nec

158 1783 279 1874 aliam,
302 1794 346 1858 ut
367 1778 455 1857 mihi
479 1784 637 1874 videtur,
663 1785 722 1858 hic
746 1785 846 1860 locus
871 1786 1034 1885 requirit.
1087 1785 1188 1860 Tum
1215 1796 1367 1860 τελεστα

158 1917 258 2013 proi
277 1915 315 1988 ἐν
330 1914 425 1988 τέλει
442 1913 602 2011 ponitur,
627 1913 696 1987 nisi
715 1913 831 2004 fauor,
858 1917 1021 2013 quamvis
1043 1914 1150 1988 aliter
1165 1913 1366 2014 Kni'ghtius

160 2048 221 2144 qui
248 2071 273 2120 a
298 2057 412 2154 πολειν
438 2043 619 2118 tributum
638 2045 798 2140 pendere
824 2046 1025 2120 derivatum
1053 2053 1159 2141 putot
1182 2044 1365 2141 vertitque

160 2185 186 2216 “
199 2179 264 2276 qui
297 2159 437 2251 tiituta
469 2201 549 2276 quse
581 2176 789 2273 respublica
824 2177 953 2274 exigit,
990 2176 1160 2272 pendit.”
1229 2177 1365 2251 Postea

160 2307 260 2396 δᾶμος
293 2335 358 2408 pro
391 2335 435 2385 ea
468 2310 648 2410 cujusque
685 2309 808 2410 gentis
846 2320 952 2407 parte
995 2309 1054 2383 cui
1098 2332 1168 2382 nec
1212 2331 1365 2381 munera

160 2440 446 2529 committuntur,
471 2464 540 2514 nec
568 2439 703 2514 tributu
724 2440 981 2541 injunguntur,
1006 2439 1163 2537 positum
1188 2447 1303 2536 putet,
1329 2447 1367 2510 et

158 2583 275 2647 totum
287 2573 406 2647 locum
421 2571 539 2645 vertit.
582 2568 700 2644 “stve
714 2568 816 2659 ciuis,
835 2569 913 2644 ciue
927 2569 1019 2644 liber
1030 2570 1134 2644 Ιιοοιο
1151 2569 1215 2670 qui
1225 2567 1364 2643 tributo

155 2702 396 2798 penumsive
413 2685 504 2776 liber
521 2700 656 2774 cinis.'''
695 2701 744 2775 Et
766 2702 930 2798 profecto
953 2711 1063 2792 Δημος
1084 2703 1281 2799 aliquando
1299 2725 1368 2799 pro

162 2845 324 2924 Δημοτης
354 2835 516 2934 ponitur,
552 2844 592 2908 ut
620 2859 644 2907 a
678 2833 865 2931 Stephano
899 2844 938 2908 et
967 2834 1153 2935 Hesychio
1184 2835 1382 2929 discimus

161 2973 236 3047 Sed
262 2981 319 3045 tot
346 2971 466 3046 verbis
498 2970 647 3045 minime
675 2993 766 3067 opus
794 2979 883 3060 erut,
915 2993 997 3043 cum
1028 2971 1095 3043 hos
1117 2991 1244 3042 omnes
1269 2966 1368 3041 cives

160 3125 234 3176 una
259 3126 333 3175 vox
360 3100 550 3200 complecti
578 3099 765 3200 potuisset.
817 3100 900 3200 Ego
928 3110 1055 3172 contra
1077 3098 1154 3185 ἐτης
1174 3120 1241 3194 pro
1268 3096 1368 3186 ciuis,

160 3245 315 3308 τελοστα
347 3255 415 3330 pro
448 3232 707 3329 magistratus,
747 3228 840 3320 δημος
873 3254 938 3329 pro
971 3253 1064 3327 gens
1097 3229 1171 3303 sive
1205 3229 1366 3326 populus

159 3358 247 3457 poni
262 3359 384 3432 credo.
436 3357 657 3459 Hujusmodi
674 3358 771 3434 enim
788 3359 1015 3432 enumeratio
1033 3359 1071 3431 iu
1086 3358 1185 3432 hisce
1202 3357 1365 3432 formulis

160 3489 331 3566 solennis.
384 3489 489 3566 Bene
508 3490 769 3565 Boissonadins
787 3490 1096 3590 Amphictyonum
1107 3489 1366 3591 jusjurandum

160 3627 351 3702 advocavit
360 3629 386 3700 ⁹.
435 3600 486 3701 'Fa
518 3624 553 3702 δὲ
588 3661 639 3706 τις
669 3625 753 3703 τάδε
785 3631 988 3729 παραβαίνοι
1013 3629 1034 3716 ἢ
1063 3629 1161 3706 πόλις
1187 3627 1208 3716 ἢ
1242 3623 1369 3714 licoisas

160 3755 295 3852 ἧίθνος
303 3792 313 3852 ;
337 3775 376 3838 el
393 3765 585 3865 Polybium
595 3767 622 3839 ³.
671 3771 714 3840 Ei
729 3799 780 3846 τις
803 3763 966 3854 ilicium&
989 3766 1098 3844 πόλις·
1152 3763 1238 3839 Nec
1260 3763 1366 3838 allier

161 3891 281 3967 locum
308 3893 495 3970 constituit
520 3907 645 3971 noster
670 3897 880 3974 Boethius·
905 3899 1010 3998 cujus
1035 3897 1149 3972 verbs
1172 3897 1369 3997 subjungo.

164 4033 188 4064 “
203 4026 305 4114 Ρίτης
324 4025 373 4100 ist
389 4027 470 4100 hier
484 4027 653 4104 offenbar
672 4031 732 4104 ein
753 4031 906 4131 blisger,
929 4031 999 4104 wie
1017 4030 1054 4103 in
1074 4031 1156 4104 dem
1172 4027 1367 4102 'a'hnlichen

199 4259 208 4292 ¹
231 4260 400 4336 interpretes
418 4261 454 4319 nd
475 4260 605 4339 Hesych.
625 4271 740 4321 monent
830 4268 842 4301 ¹
862 4265 936 4342 Eph.
957 4262 1050 4326 class.
1066 4262 1112 4320 ubi
1123 4281 1216 4338 supra.

162 4355 234 4416 hanc
275 4359 481 4435 expositionem
522 4361 658 4470 pertinere
704 4363 739 4419 ud
831 4405 965 4485 ,Polyb
980 4406 1036 4466 Vl·
1053 4410 1100 4464 13·
1117 4411 1152 4465 ὅν

164 4452 294 4533 AEscltyl.
312 4453 410 4532 Suppl.
426 4459 496 4516 255.
535 4457 591 4516 Ubt
604 4467 741 4534 interpres

164 4547 297 4610 umus.
331 4548 441 4628 Ἔτος)
454 4555 499 4610 νῦν
512 4551 650 4626 leporem.
833 4545 844 4578 ⁴
865 4545 1260 4620 Bockh.Tom.1t.p.393.
