<?xml version="1.0" encoding="UTF-8"?>
<!DOCTYPE html PUBLIC "-//W3C//DTD XHTML 1.0 Transitional//EN"
    "http://www.w3.org/TR/xhtml1/DTD/xhtml1-transitional.dtd">
<html xmlns="http://www.w3.org/1999/xhtml" xml:lang="en" lang="en">
 <head>
  <title>
</title>
<meta http-equiv="Content-Type" content="text/html;charset=utf-8" />
  <meta name='ocr-system' content='tesseract 3.04.00' />
  <meta name='ocr-capabilities' content='ocr_page ocr_carea ocr_par ocr_line ocrx_word'/>
</head>
<body>
  <div class='ocr_page' id='page_1' title='image "./inscriptionesgr00rosegoog_0490.png"; bbox 0 0 3188 5102; ppageno 0'>
   <div class='ocr_carea' id='block_1_1' title="bbox 178 383 825 494">
    <p class='ocr_par' dir='ltr' id='par_1_1' title="bbox 178 383 825 494">
     <span class='ocr_line' id='line_1_1' title="bbox 178 383 825 494; baseline 0.003 -29"><span class='ocrx_word' id='word_1_1' title='bbox 178 402 303 468; x_wconf 76' lang='lat' dir='ltr'><strong>lusca.</strong></span> <span class='ocrx_word' id='word_1_2' title='bbox 328 390 410 494; x_wconf 82' lang='lat' dir='ltr'><strong>ut]</strong></span> <span class='ocrx_word' id='word_1_3' title='bbox 662 383 683 494; x_wconf 19' lang='lat'><strong>¹¹</strong></span> <span class='ocrx_word' id='word_1_4' title='bbox 754 407 825 482; x_wconf 78' lang='lat'><strong>295</strong></span> 
     </span>
    </p>
   </div>
   <div class='ocr_carea' id='block_1_2' title="bbox 375 565 1071 1040">
    <p class='ocr_par' dir='ltr' id='par_1_2' title="bbox 375 565 1071 924">
     <span class='ocr_line' id='line_1_2' title="bbox 375 565 1071 666; baseline 0.004 -22"><span class='ocrx_word' id='word_1_5' title='bbox 375 565 658 666; x_wconf 72' lang='grc' dir='ltr'>Ἀσκλιιπιύδιορος</span> <span class='ocrx_word' id='word_1_6' title='bbox 684 571 836 644; x_wconf 79' lang='grc' dir='ltr'>Πονθέαο</span> <span class='ocrx_word' id='word_1_7' title='bbox 858 575 1071 666; x_wconf 69' lang='grc' dir='ltr'>Ταραντῖνος·</span> 
     </span>
     <span class='ocr_line' id='line_1_3' title="bbox 477 693 989 793; baseline 0.002 -24"><span class='ocrx_word' id='word_1_8' title='bbox 477 695 673 784; x_wconf 61' lang='grc' dir='ltr'>Κωμαῐούύς</span> <span class='ocrx_word' id='word_1_9' title='bbox 698 693 906 793; x_wconf 75' lang='grc' dir='ltr'>(ΚομοΡνύος</span> <span class='ocrx_word' id='word_1_10' title='bbox 929 699 989 790; x_wconf 85' lang='lat' dir='ltr'><strong>C.)</strong></span> 
     </span>
     <span class='ocr_line' id='line_1_4' title="bbox 380 829 1058 924; baseline 0.003 -24"><span class='ocrx_word' id='word_1_11' title='bbox 380 829 614 924; x_wconf 72' lang='grc' dir='ltr'>Νικόστρατος</span> <span class='ocrx_word' id='word_1_12' title='bbox 639 829 866 923; x_wconf 77' lang='grc' dir='ltr'>Φιλοστράτοι</span> <span class='ocrx_word' id='word_1_13' title='bbox 892 829 1058 918; x_wconf 75' lang='grc' dir='ltr'>Θειβεῖος·</span> 
     </span>
    </p>

    <p class='ocr_par' dir='ltr' id='par_1_3' title="bbox 475 953 894 1040">
     <span class='ocr_line' id='line_1_5' title="bbox 475 953 894 1040; baseline 0.002 -12"><span class='ocrx_word' id='word_1_14' title='bbox 475 957 522 1028; x_wconf 67' lang='grc' dir='ltr'><strong>τὰ</strong></span> <span class='ocrx_word' id='word_1_15' title='bbox 543 957 681 1029; x_wconf 72' lang='lat' dir='ltr'><strong>inarime</strong></span> <span class='ocrx_word' id='word_1_16' title='bbox 707 953 894 1040; x_wconf 67' lang='grc' dir='ltr'>κωμαΡούύς</span> 
     </span>
    </p>
   </div>
   <div class='ocr_carea' id='block_1_3' title="bbox 373 1082 951 1183">
    <p class='ocr_par' dir='ltr' id='par_1_4' title="bbox 373 1082 951 1183">
     <span class='ocr_line' id='line_1_6' title="bbox 373 1082 951 1183; baseline 0 -27"><span class='ocrx_word' id='word_1_17' title='bbox 373 1082 542 1182; x_wconf 76' lang='grc' dir='ltr'>Ἐναρχος</span> <span class='ocrx_word' id='word_1_18' title='bbox 557 1083 746 1183; x_wconf 66' lang='grc' dir='ltr'>Ἔιροδύπι</span> <span class='ocrx_word' id='word_1_19' title='bbox 775 1086 951 1183; x_wconf 78' lang='grc' dir='ltr'>Κοριονεύς.</span> 
     </span>
    </p>
   </div>
   <div class='ocr_carea' id='block_1_4' title="bbox 256 1241 1506 1342">
    <p class='ocr_par' dir='ltr' id='par_1_5' title="bbox 256 1241 1506 1342">
     <span class='ocr_line' id='line_1_7' title="bbox 256 1241 1506 1342; baseline 0.003 -27"><span class='ocrx_word' id='word_1_20' title='bbox 256 1244 300 1315; x_wconf 90' lang='lat' dir='ltr'><strong>ln</strong></span> <span class='ocrx_word' id='word_1_21' title='bbox 329 1245 397 1314; x_wconf 90' lang='lat' dir='ltr'><strong>irac</strong></span> <span class='ocrx_word' id='word_1_22' title='bbox 429 1241 667 1336; x_wconf 77' lang='lat' dir='ltr'><strong>inscriptione</strong></span> <span class='ocrx_word' id='word_1_23' title='bbox 695 1255 941 1314; x_wconf 83' lang='lat' dir='ltr'><strong>memorantur</strong></span> <span class='ocrx_word' id='word_1_24' title='bbox 970 1242 1175 1316; x_wconf 88' lang='lat' dir='ltr'><strong>Charitesia</strong></span> <span class='ocrx_word' id='word_1_25' title='bbox 1201 1245 1277 1318; x_wconf 89' lang='lat' dir='ltr'><strong>ludi</strong></span> <span class='ocrx_word' id='word_1_26' title='bbox 1311 1245 1382 1318; x_wconf 90' lang='lat' dir='ltr'><strong>Or·</strong></span> <span class='ocrx_word' id='word_1_27' title='bbox 1505 1339 1506 1342; x_wconf 8' lang='grc' dir='ltr'><strong>Ἴ</strong></span> 
     </span>
    </p>
   </div>
   <div class='ocr_carea' id='block_1_5' title="bbox 177 1377 1382 2131">
    <p class='ocr_par' dir='ltr' id='par_1_6' title="bbox 177 1377 1382 1872">
     <span class='ocr_line' id='line_1_8' title="bbox 177 1377 1379 1475; baseline 0.002 -25"><span class='ocrx_word' id='word_1_28' title='bbox 177 1378 348 1451; x_wconf 82' lang='lat' dir='ltr'><strong>chomeni</strong></span> <span class='ocrx_word' id='word_1_29' title='bbox 388 1377 424 1447; x_wconf 92' lang='lat' dir='ltr'><strong>in</strong></span> <span class='ocrx_word' id='word_1_30' title='bbox 465 1377 639 1449; x_wconf 85' lang='lat' dir='ltr'><strong>honorem</strong></span> <span class='ocrx_word' id='word_1_31' title='bbox 680 1377 888 1450; x_wconf 80' lang='lat' dir='ltr'><strong>Gratiarum</strong></span> <span class='ocrx_word' id='word_1_32' title='bbox 926 1377 1012 1465; x_wconf 88' lang='lat' dir='ltr'><strong>acti,</strong></span> <span class='ocrx_word' id='word_1_33' title='bbox 1047 1389 1223 1475; x_wconf 89' lang='lat' dir='ltr'><strong>quantum</strong></span> <span class='ocrx_word' id='word_1_34' title='bbox 1258 1390 1379 1452; x_wconf 90' lang='lat' dir='ltr'><strong>autem</strong></span> 
     </span>
     <span class='ocr_line' id='line_1_9' title="bbox 177 1503 1380 1600; baseline 0.003 -24"><span class='ocrx_word' id='word_1_35' title='bbox 177 1525 254 1600; x_wconf 82' lang='lat' dir='ltr'><strong>ego</strong></span> <span class='ocrx_word' id='word_1_36' title='bbox 289 1503 398 1574; x_wconf 87' lang='lat' dir='ltr'><strong>sciam</strong></span> <span class='ocrx_word' id='word_1_37' title='bbox 431 1527 455 1574; x_wconf 89' lang='lat' dir='ltr'><strong>a</strong></span> <span class='ocrx_word' id='word_1_38' title='bbox 490 1503 591 1576; x_wconf 87' lang='lat' dir='ltr'><strong>nuilo</strong></span> <span class='ocrx_word' id='word_1_39' title='bbox 625 1513 774 1578; x_wconf 87' lang='lat' dir='ltr'><strong>auctore</strong></span> <span class='ocrx_word' id='word_1_40' title='bbox 811 1506 1009 1577; x_wconf 85' lang='lat' dir='ltr'><strong>memorati.</strong></span> <span class='ocrx_word' id='word_1_41' title='bbox 1074 1507 1135 1580; x_wconf 87' lang='lat' dir='ltr'><strong>De</strong></span> <span class='ocrx_word' id='word_1_42' title='bbox 1168 1507 1380 1580; x_wconf 79' lang='lat' dir='ltr'><strong>Gratiarum</strong></span> 
     </span>
     <span class='ocr_line' id='line_1_10' title="bbox 178 1631 1382 1711; baseline 0.005 -9"><span class='ocrx_word' id='word_1_43' title='bbox 178 1641 303 1703; x_wconf 81' lang='lat' dir='ltr'><strong>tamen</strong></span> <span class='ocrx_word' id='word_1_44' title='bbox 337 1631 560 1705; x_wconf 85' lang='lat' dir='ltr'><strong>Orchomeni</strong></span> <span class='ocrx_word' id='word_1_45' title='bbox 598 1635 699 1705; x_wconf 85' lang='lat' dir='ltr'><strong>cuitu</strong></span> <span class='ocrx_word' id='word_1_46' title='bbox 733 1657 792 1706; x_wconf 83' lang='lat' dir='ltr'><strong>res</strong></span> <span class='ocrx_word' id='word_1_47' title='bbox 825 1643 912 1706; x_wconf 87' lang='lat' dir='ltr'><strong>nota</strong></span> <span class='ocrx_word' id='word_1_48' title='bbox 943 1645 1011 1706; x_wconf 87' lang='lat' dir='ltr'><strong>est.</strong></span> <span class='ocrx_word' id='word_1_49' title='bbox 1073 1635 1169 1709; x_wconf 84' lang='lat' dir='ltr'><strong>Satis</strong></span> <span class='ocrx_word' id='word_1_50' title='bbox 1200 1647 1256 1711; x_wconf 86' lang='lat' dir='ltr'><strong>est</strong></span> <span class='ocrx_word' id='word_1_51' title='bbox 1292 1635 1382 1708; x_wconf 90' lang='lat' dir='ltr'><strong>Pin-</strong></span> 
     </span>
     <span class='ocr_line' id='line_1_11' title="bbox 183 1761 845 1872; baseline 0.002 -40"><span class='ocrx_word' id='word_1_52' title='bbox 183 1761 324 1832; x_wconf 85' lang='lat' dir='ltr'><strong>darum¹</strong></span> <span class='ocrx_word' id='word_1_53' title='bbox 350 1761 535 1872; x_wconf 75' lang='lat' dir='ltr'><strong>appellare</strong></span> <span class='ocrx_word' id='word_1_54' title='bbox 559 1761 609 1832; x_wconf 88' lang='lat' dir='ltr'><strong>ita</strong></span> <span class='ocrx_word' id='word_1_55' title='bbox 640 1773 845 1834; x_wconf 86' lang='lat' dir='ltr'><strong>canentem.</strong></span> 
     </span>
    </p>

    <p class='ocr_par' dir='ltr' id='par_1_7' title="bbox 482 1903 1035 2004">
     <span class='ocr_line' id='line_1_12' title="bbox 482 1903 1035 2004; baseline 0.007 -26"><span class='ocrx_word' id='word_1_56' title='bbox 482 1905 507 1978; x_wconf 82' lang='lat' dir='ltr'><strong>ui</strong></span> <span class='ocrx_word' id='word_1_57' title='bbox 530 1913 675 2004; x_wconf 76' lang='grc' dir='ltr'>λιπαρᾶς</span> <span class='ocrx_word' id='word_1_58' title='bbox 699 1903 839 1990; x_wconf 69' lang='grc' dir='ltr'>ἀοίδιμοι</span> <span class='ocrx_word' id='word_1_59' title='bbox 863 1909 1035 1998; x_wconf 73' lang='grc' dir='ltr'>βασιλεῖαι</span> 
     </span>
    </p>

    <p class='ocr_par' dir='ltr' id='par_1_8' title="bbox 484 2033 876 2131">
     <span class='ocr_line' id='line_1_13' title="bbox 484 2033 876 2131; baseline 0 -27"><span class='ocrx_word' id='word_1_60' title='bbox 484 2033 634 2131; x_wconf 75' lang='grc' dir='ltr'>Χάριτες</span> <span class='ocrx_word' id='word_1_61' title='bbox 658 2035 876 2128; x_wconf 76' lang='grc' dir='ltr'>Ὀρχομενοῦ.</span> 
     </span>
    </p>
   </div>
   <div class='ocr_carea' id='block_1_6' title="bbox 263 2178 643 2254">
    <p class='ocr_par' dir='ltr' id='par_1_9' title="bbox 263 2178 643 2254">
     <span class='ocr_line' id='line_1_14' title="bbox 263 2178 643 2254; baseline 0 -2"><span class='ocrx_word' id='word_1_62' title='bbox 263 2181 312 2252; x_wconf 86' lang='lat' dir='ltr'><strong>Et</strong></span> <span class='ocrx_word' id='word_1_63' title='bbox 336 2178 494 2252; x_wconf 76' lang='lat' dir='ltr'><strong>Nonni&#39;</strong></span> <span class='ocrx_word' id='word_1_64' title='bbox 520 2183 643 2254; x_wconf 84' lang='lat' dir='ltr'><strong>rerba.</strong></span> 
     </span>
    </p>
   </div>
   <div class='ocr_carea' id='block_1_7' title="bbox 333 2324 786 2426">
    <p class='ocr_par' dir='ltr' id='par_1_10' title="bbox 333 2324 786 2426">
     <span class='ocr_line' id='line_1_15' title="bbox 333 2324 786 2426; baseline 0.002 -27"><span class='ocrx_word' id='word_1_65' title='bbox 333 2324 370 2399; x_wconf 75' lang='grc' dir='ltr'><strong>ὃν</strong></span> <span class='ocrx_word' id='word_1_66' title='bbox 396 2327 502 2426; x_wconf 78' lang='grc' dir='ltr'>Χάρις</span> <span class='ocrx_word' id='word_1_67' title='bbox 524 2329 650 2402; x_wconf 74' lang='grc' dir='ltr'>ούποτο</span> <span class='ocrx_word' id='word_1_68' title='bbox 674 2333 786 2402; x_wconf 72' lang='grc' dir='ltr'>λείπει</span> 
     </span>
    </p>
   </div>
   <div class='ocr_carea' id='block_1_8' title="bbox 345 2454 1255 2555">
    <p class='ocr_par' dir='ltr' id='par_1_11' title="bbox 345 2454 1255 2555">
     <span class='ocr_line' id='line_1_16' title="bbox 345 2454 1255 2555; baseline 0.002 -27"><span class='ocrx_word' id='word_1_69' title='bbox 345 2455 549 2554; x_wconf 81' lang='grc' dir='ltr'>Ὀρχομενοῦ</span> <span class='ocrx_word' id='word_1_70' title='bbox 576 2456 706 2529; x_wconf 89' lang='grc' dir='ltr'>Μινύαο</span> <span class='ocrx_word' id='word_1_71' title='bbox 729 2461 934 2554; x_wconf 79' lang='grc' dir='ltr'>χοροίτοπον</span> <span class='ocrx_word' id='word_1_72' title='bbox 958 2454 1064 2530; x_wconf 77' lang='grc' dir='ltr'>ἄλσος</span> <span class='ocrx_word' id='word_1_73' title='bbox 1088 2457 1255 2555; x_wconf 71' lang='grc' dir='ltr'>Ἐρώτων.</span> 
     </span>
    </p>
   </div>
   <div class='ocr_carea' id='block_1_9' title="bbox 262 2622 745 2709">
    <p class='ocr_par' dir='ltr' id='par_1_12' title="bbox 262 2622 745 2709">
     <span class='ocr_line' id='line_1_17' title="bbox 262 2622 745 2709; baseline 0.012 -15"><span class='ocrx_word' id='word_1_74' title='bbox 262 2624 369 2696; x_wconf 85' lang='lat' dir='ltr'>Adde</span> <span class='ocrx_word' id='word_1_75' title='bbox 396 2622 639 2697; x_wconf 83' lang='lat' dir='ltr'><strong>Theocritee³</strong></span> <span class='ocrx_word' id='word_1_76' title='bbox 666 2625 745 2709; x_wconf 87' lang='lat' dir='ltr'><strong>ista,</strong></span> 
     </span>
    </p>
   </div>
   <div class='ocr_carea' id='block_1_10' title="bbox 188 2775 1488 3674">
    <p class='ocr_par' dir='ltr' id='par_1_13' title="bbox 334 2775 1152 2999">
     <span class='ocr_line' id='line_1_18' title="bbox 334 2775 1152 2876; baseline 0.004 -30"><span class='ocrx_word' id='word_1_77' title='bbox 334 2782 360 2846; x_wconf 84' lang='grc' dir='ltr'><em>ὣ</em></span> <span class='ocrx_word' id='word_1_78' title='bbox 384 2775 592 2850; x_wconf 76' lang='grc' dir='ltr'>Ἐτεύιιλειοι</span> <span class='ocrx_word' id='word_1_79' title='bbox 617 2776 789 2874; x_wconf 71' lang='grc' dir='ltr'>θύγατρες</span> <span class='ocrx_word' id='word_1_80' title='bbox 813 2777 886 2876; x_wconf 73' lang='grc' dir='ltr'><strong>θεοῖ</strong></span> <span class='ocrx_word' id='word_1_81' title='bbox 911 2776 974 2844; x_wconf 80' lang='grc' dir='ltr'><strong>τύν</strong></span> <span class='ocrx_word' id='word_1_82' title='bbox 995 2777 1152 2848; x_wconf 77' lang='grc' dir='ltr'>Μινύειον</span> 
     </span>
     <span class='ocr_line' id='line_1_19' title="bbox 335 2904 752 2999; baseline 0.002 -24"><span class='ocrx_word' id='word_1_83' title='bbox 335 2904 539 2998; x_wconf 82' lang='grc' dir='ltr'>Ὀρχομενύν</span> <span class='ocrx_word' id='word_1_84' title='bbox 564 2905 752 2999; x_wconf 74' lang='grc' dir='ltr'>φιλέονσαι.</span> 
     </span>
    </p>

    <p class='ocr_par' dir='ltr' id='par_1_14' title="bbox 188 3058 1488 3524">
     <span class='ocr_line' id='line_1_20' title="bbox 265 3058 1388 3154; baseline 0.01 -24"><span class='ocrx_word' id='word_1_85' title='bbox 265 3058 338 3147; x_wconf 85' lang='lat' dir='ltr'><strong>Qui</strong></span> <span class='ocrx_word' id='word_1_86' title='bbox 372 3059 475 3154; x_wconf 89' lang='lat' dir='ltr'><strong>plura</strong></span> <span class='ocrx_word' id='word_1_87' title='bbox 511 3059 598 3145; x_wconf 90' lang='lat' dir='ltr'><strong>vult,</strong></span> <span class='ocrx_word' id='word_1_88' title='bbox 636 3060 681 3131; x_wconf 88' lang='lat' dir='ltr'><strong>ad</strong></span> <span class='ocrx_word' id='word_1_89' title='bbox 710 3068 875 3131; x_wconf 82' lang='lat' dir='ltr'><strong>auctores</strong></span> <span class='ocrx_word' id='word_1_90' title='bbox 917 3060 954 3131; x_wconf 92' lang='lat' dir='ltr'><strong>in</strong></span> <span class='ocrx_word' id='word_1_91' title='bbox 1001 3071 1087 3131; x_wconf 81' lang='lat' dir='ltr'><strong>nota</strong></span> <span class='ocrx_word' id='word_1_92' title='bbox 1131 3061 1258 3136; x_wconf 83' lang='lat' dir='ltr'><strong>citatos</strong></span> <span class='ocrx_word' id='word_1_93' title='bbox 1299 3068 1388 3142; x_wconf 89' lang='lat' dir='ltr'><strong>rele-</strong></span> 
     </span>
     <span class='ocr_line' id='line_1_21' title="bbox 188 3190 1488 3294; baseline 0.006 -32"><span class='ocrx_word' id='word_1_94' title='bbox 188 3191 331 3288; x_wconf 87' lang='lat' dir='ltr'><strong>gandus</strong></span> <span class='ocrx_word' id='word_1_95' title='bbox 362 3193 451 3262; x_wconf 83' lang='lat' dir='ltr'><strong>ert⁴.</strong></span> <span class='ocrx_word' id='word_1_96' title='bbox 504 3191 564 3263; x_wconf 87' lang='lat' dir='ltr'><strong>De</strong></span> <span class='ocrx_word' id='word_1_97' title='bbox 594 3190 673 3286; x_wconf 90' lang='lat' dir='ltr'><strong>ipso</strong></span> <span class='ocrx_word' id='word_1_98' title='bbox 706 3192 941 3264; x_wconf 85' lang='lat' dir='ltr'><strong>Orchomeno</strong></span> <span class='ocrx_word' id='word_1_99' title='bbox 967 3192 1102 3288; x_wconf 90' lang='lat' dir='ltr'><strong>optime</strong></span> <span class='ocrx_word' id='word_1_100' title='bbox 1129 3217 1247 3288; x_wconf 89' lang='lat' dir='ltr'><strong>nuper</strong></span> <span class='ocrx_word' id='word_1_101' title='bbox 1278 3199 1389 3294; x_wconf 85' lang='lat' dir='ltr'><strong>scrip·</strong></span> <span class='ocrx_word' id='word_1_102' title='bbox 1486 3221 1488 3225; x_wconf 87' lang='lat'>·</span> 
     </span>
     <span class='ocr_line' id='line_1_22' title="bbox 191 3316 1391 3414; baseline 0.008 -23"><span class='ocrx_word' id='word_1_103' title='bbox 191 3319 238 3391; x_wconf 84' lang='lat' dir='ltr'><strong>sit</strong></span> <span class='ocrx_word' id='word_1_104' title='bbox 262 3317 479 3401; x_wconf 55' lang='lat' dir='ltr'><strong>Boethium,</strong></span> <span class='ocrx_word' id='word_1_105' title='bbox 506 3331 543 3389; x_wconf 90' lang='lat' dir='ltr'><strong>et</strong></span> <span class='ocrx_word' id='word_1_106' title='bbox 568 3318 751 3391; x_wconf 86' lang='lat' dir='ltr'><strong>recentius</strong></span> <span class='ocrx_word' id='word_1_107' title='bbox 774 3316 892 3390; x_wconf 91' lang='lat' dir='ltr'><strong>adhuc</strong></span> <span class='ocrx_word' id='word_1_108' title='bbox 914 3318 952 3389; x_wconf 92' lang='lat' dir='ltr'><strong>in</strong></span> <span class='ocrx_word' id='word_1_109' title='bbox 975 3317 1150 3414; x_wconf 80' lang='lat' dir='ltr'><strong>singulari</strong></span> <span class='ocrx_word' id='word_1_110' title='bbox 1174 3319 1266 3396; x_wconf 91' lang='lat' dir='ltr'><strong>libro</strong></span> <span class='ocrx_word' id='word_1_111' title='bbox 1292 3327 1391 3400; x_wconf 90' lang='lat' dir='ltr'><strong>omui</strong></span> 
     </span>
     <span class='ocr_line' id='line_1_23' title="bbox 192 3449 1100 3524; baseline 0.002 -2"><span class='ocrx_word' id='word_1_112' title='bbox 192 3450 356 3524; x_wconf 90' lang='lat' dir='ltr'><strong>doctrina</strong></span> <span class='ocrx_word' id='word_1_113' title='bbox 382 3451 517 3524; x_wconf 78' lang='lat' dir='ltr'><strong>referto</strong></span> <span class='ocrx_word' id='word_1_114' title='bbox 543 3449 760 3524; x_wconf 59' lang='lat' dir='ltr'><strong>Mulierum.</strong></span> <span class='ocrx_word' id='word_1_115' title='bbox 1095 3449 1100 3458; x_wconf 85' lang='lat'>&#39;</span> 
     </span>
    </p>

    <p class='ocr_par' dir='ltr' id='par_1_15' title="bbox 269 3577 1388 3674">
     <span class='ocr_line' id='line_1_24' title="bbox 269 3577 1388 3674; baseline 0.007 -24"><span class='ocrx_word' id='word_1_116' title='bbox 269 3577 365 3651; x_wconf 87' lang='lat' dir='ltr'><strong>Haec</strong></span> <span class='ocrx_word' id='word_1_117' title='bbox 409 3592 532 3652; x_wconf 86' lang='lat' dir='ltr'><strong>autern</strong></span> <span class='ocrx_word' id='word_1_118' title='bbox 574 3579 759 3674; x_wconf 84' lang='lat' dir='ltr'><strong>inscriptio</strong></span> <span class='ocrx_word' id='word_1_119' title='bbox 806 3603 828 3650; x_wconf 89' lang='lat' dir='ltr'><strong>a</strong></span> <span class='ocrx_word' id='word_1_120' title='bbox 873 3578 1021 3650; x_wconf 87' lang='lat' dir='ltr'><strong>Ciarkio</strong></span> <span class='ocrx_word' id='word_1_121' title='bbox 1061 3588 1206 3674; x_wconf 85' lang='lat' dir='ltr'><strong>reperta</strong></span> <span class='ocrx_word' id='word_1_122' title='bbox 1251 3594 1307 3656; x_wconf 86' lang='lat' dir='ltr'><strong>eat</strong></span> <span class='ocrx_word' id='word_1_123' title='bbox 1351 3586 1388 3659; x_wconf 94' lang='lat' dir='ltr'><strong>in</strong></span> 
     </span>
    </p>
   </div>
   <div class='ocr_carea' id='block_1_11' title="bbox 194 3708 1391 3934">
    <p class='ocr_par' dir='ltr' id='par_1_16' title="bbox 194 3708 1391 3934">
     <span class='ocr_line' id='line_1_25' title="bbox 194 3708 1389 3804; baseline 0.003 -22"><span class='ocrx_word' id='word_1_124' title='bbox 194 3709 349 3782; x_wconf 83' lang='lat' dir='ltr'><strong>ecclesia</strong></span> <span class='ocrx_word' id='word_1_125' title='bbox 382 3709 602 3796; x_wconf 87' lang='lat' dir='ltr'><strong>monasterii,</strong></span> <span class='ocrx_word' id='word_1_126' title='bbox 637 3733 683 3782; x_wconf 91' lang='lat' dir='ltr'><strong>eo</strong></span> <span class='ocrx_word' id='word_1_127' title='bbox 718 3709 799 3804; x_wconf 89' lang='lat' dir='ltr'><strong>ipso</strong></span> <span class='ocrx_word' id='word_1_128' title='bbox 834 3709 915 3780; x_wconf 90' lang='lat' dir='ltr'><strong>loco</strong></span> <span class='ocrx_word' id='word_1_129' title='bbox 945 3708 1129 3794; x_wconf 84' lang='lat' dir='ltr'><strong>exstructi,</strong></span> <span class='ocrx_word' id='word_1_130' title='bbox 1162 3719 1203 3781; x_wconf 94' lang='lat' dir='ltr'><strong>ut</strong></span> <span class='ocrx_word' id='word_1_131' title='bbox 1234 3711 1389 3799; x_wconf 86' lang='lat' dir='ltr'><strong>ridetur,</strong></span> 
     </span>
     <span class='ocr_line' id='line_1_26' title="bbox 195 3836 1391 3934; baseline 0.003 -24"><span class='ocrx_word' id='word_1_132' title='bbox 195 3861 270 3934; x_wconf 93' lang='lat' dir='ltr'><strong>quo</strong></span> <span class='ocrx_word' id='word_1_133' title='bbox 302 3837 386 3910; x_wconf 89' lang='lat' dir='ltr'><strong>oiim</strong></span> <span class='ocrx_word' id='word_1_134' title='bbox 422 3837 629 3910; x_wconf 87' lang='lat' dir='ltr'><strong>Gratiarum</strong></span> <span class='ocrx_word' id='word_1_135' title='bbox 668 3837 853 3934; x_wconf 88' lang='lat' dir='ltr'><strong>templum.</strong></span> <span class='ocrx_word' id='word_1_136' title='bbox 907 3836 990 3925; x_wconf 85' lang='lat' dir='ltr'><strong>Quo</strong></span> <span class='ocrx_word' id='word_1_137' title='bbox 1024 3845 1187 3931; x_wconf 88' lang='lat' dir='ltr'><strong>tempore</strong></span> <span class='ocrx_word' id='word_1_138' title='bbox 1219 3840 1391 3913; x_wconf 84' lang='lat' dir='ltr'><strong>marmori</strong></span> 
     </span>
    </p>
   </div>
   <div class='ocr_carea' id='block_1_12' title="bbox 197 4057 1392 4516">
    <p class='ocr_par' dir='ltr' id='par_1_17' title="bbox 233 4057 1240 4138">
     <span class='ocr_line' id='line_1_27' title="bbox 233 4057 1240 4138; baseline -0.002 -16"><span class='ocrx_word' id='word_1_139' title='bbox 233 4066 243 4098; x_wconf 89' lang='lat'><strong>¹</strong></span> <span class='ocrx_word' id='word_1_140' title='bbox 265 4064 315 4122; x_wconf 86' lang='lat'><strong>01.</strong></span> <span class='ocrx_word' id='word_1_141' title='bbox 329 4083 404 4124; x_wconf 77' lang='lat' dir='ltr'><strong>xiv.</strong></span> <span class='ocrx_word' id='word_1_142' title='bbox 416 4071 445 4123; x_wconf 78' lang='lat'><strong>3.</strong></span> <span class='ocrx_word' id='word_1_143' title='bbox 857 4065 871 4102; x_wconf 81' lang='lat'><strong><em>⁵</em></strong></span> <span class='ocrx_word' id='word_1_144' title='bbox 891 4061 1001 4120; x_wconf 85' lang='lat' dir='ltr'><strong>Biickh.</strong></span> <span class='ocrx_word' id='word_1_145' title='bbox 1016 4063 1055 4119; x_wconf 87' lang='lat'><strong>11.</strong></span> <span class='ocrx_word' id='word_1_146' title='bbox 1070 4082 1101 4138; x_wconf 92' lang='lat' dir='ltr'><strong>p.</strong></span> <span class='ocrx_word' id='word_1_147' title='bbox 1114 4057 1184 4122; x_wconf 82' lang='lat'><strong>366.</strong></span> <span class='ocrx_word' id='word_1_148' title='bbox 1197 4081 1240 4138; x_wconf 82' lang='lat' dir='ltr'><strong>sq.</strong></span> 
     </span>
    </p>

    <p class='ocr_par' dir='ltr' id='par_1_18' title="bbox 234 4158 524 4225">
     <span class='ocr_line' id='line_1_28' title="bbox 234 4158 524 4225; baseline -0.01 -8"><span class='ocrx_word' id='word_1_149' title='bbox 234 4158 245 4190; x_wconf 87' lang='lat'><strong>¹</strong></span> <span class='ocrx_word' id='word_1_150' title='bbox 268 4160 363 4219; x_wconf 87' lang='lat' dir='ltr'><strong>Noun.</strong></span> <span class='ocrx_word' id='word_1_151' title='bbox 380 4165 524 4225; x_wconf 77' lang='lat' dir='ltr'>x111.94.</span> 
     </span>
    </p>

    <p class='ocr_par' dir='ltr' id='par_1_19' title="bbox 235 4237 1392 4319">
     <span class='ocr_line' id='line_1_29' title="bbox 235 4237 1392 4319; baseline 0.003 -11"><span class='ocrx_word' id='word_1_152' title='bbox 235 4249 247 4282; x_wconf 82' lang='lat'>⁸</span> <span class='ocrx_word' id='word_1_153' title='bbox 268 4251 551 4310; x_wconf 72' lang='lat' dir='ltr'><strong>Theoc.xv1.104.</strong></span> <span class='ocrx_word' id='word_1_154' title='bbox 646 4299 648 4304; x_wconf 89' lang='lat'><em>.</em></span> <span class='ocrx_word' id='word_1_155' title='bbox 859 4250 871 4283; x_wconf 84' lang='lat'>⁶</span> <span class='ocrx_word' id='word_1_156' title='bbox 892 4250 1010 4308; x_wconf 88' lang='lat' dir='ltr'><strong>Miiller.</strong></span> <span class='ocrx_word' id='word_1_157' title='bbox 1035 4249 1227 4319; x_wconf 79' lang='lat' dir='ltr'><strong>Geschichtcn</strong></span> <span class='ocrx_word' id='word_1_158' title='bbox 1243 4237 1392 4311; x_wconf 54' lang='lat' dir='ltr'><strong>Helleni&amp;</strong></span> 
     </span>
    </p>

    <p class='ocr_par' dir='ltr' id='par_1_20' title="bbox 197 4340 1390 4516">
     <span class='ocr_line' id='line_1_30' title="bbox 235 4340 1390 4420; baseline -0.006 -15"><span class='ocrx_word' id='word_1_159' title='bbox 235 4340 315 4406; x_wconf 76' lang='lat' dir='ltr'><strong>‘Ct</strong></span> <span class='ocrx_word' id='word_1_160' title='bbox 337 4347 461 4405; x_wconf 82' lang='lat' dir='ltr'><strong>Casuub.</strong></span> <span class='ocrx_word' id='word_1_161' title='bbox 484 4345 521 4403; x_wconf 88' lang='lat' dir='ltr'><strong>ad</strong></span> <span class='ocrx_word' id='word_1_162' title='bbox 548 4345 639 4404; x_wconf 88' lang='lat' dir='ltr'><strong>Strab.</strong></span> <span class='ocrx_word' id='word_1_163' title='bbox 662 4363 713 4404; x_wconf 80' lang='lat' dir='ltr'><strong>rx.</strong></span> <span class='ocrx_word' id='word_1_164' title='bbox 740 4364 766 4420; x_wconf 89' lang='lat' dir='ltr'><strong>p.</strong></span> <span class='ocrx_word' id='word_1_165' title='bbox 820 4345 888 4404; x_wconf 86' lang='lat' dir='ltr'><strong>cher</strong></span> <span class='ocrx_word' id='word_1_166' title='bbox 918 4343 1044 4402; x_wconf 63' lang='lat' dir='ltr'><strong>stimme</strong></span> <span class='ocrx_word' id='word_1_167' title='bbox 1074 4344 1130 4401; x_wconf 89' lang='lat' dir='ltr'><strong>und</strong></span> <span class='ocrx_word' id='word_1_168' title='bbox 1161 4343 1269 4402; x_wconf 73' lang='lat' dir='ltr'><strong>stadie.</strong></span> <span class='ocrx_word' id='word_1_169' title='bbox 1301 4342 1336 4400; x_wconf 91' lang='lat' dir='ltr'><strong>B.</strong></span> <span class='ocrx_word' id='word_1_170' title='bbox 1365 4344 1390 4406; x_wconf 83' lang='grc' dir='ltr'><strong>Ι,</strong></span> 
     </span>
     <span class='ocr_line' id='line_1_31' title="bbox 197 4437 1305 4516; baseline -0.001 -18"><span class='ocrx_word' id='word_1_171' title='bbox 197 4437 269 4505; x_wconf 77' lang='lat'><strong>602.</strong></span> <span class='ocrx_word' id='word_1_172' title='bbox 302 4443 398 4500; x_wconf 88' lang='lat' dir='ltr'><strong>Kuhn.</strong></span> <span class='ocrx_word' id='word_1_173' title='bbox 420 4443 456 4500; x_wconf 85' lang='lat' dir='ltr'><strong>ad</strong></span> <span class='ocrx_word' id='word_1_174' title='bbox 478 4441 601 4502; x_wconf 82' lang='lat' dir='ltr'><strong>Pausun.</strong></span> <span class='ocrx_word' id='word_1_175' title='bbox 623 4457 673 4498; x_wconf 85' lang='lat' dir='ltr'><strong>rx.</strong></span> <span class='ocrx_word' id='word_1_176' title='bbox 694 4445 743 4500; x_wconf 83' lang='grc'><strong>38.</strong></span> <span class='ocrx_word' id='word_1_177' title='bbox 822 4441 1019 4500; x_wconf 87' lang='lat' dir='ltr'><strong>Orchomenos</strong></span> <span class='ocrx_word' id='word_1_178' title='bbox 1040 4440 1096 4498; x_wconf 88' lang='lat' dir='ltr'><strong>und</strong></span> <span class='ocrx_word' id='word_1_179' title='bbox 1118 4439 1161 4497; x_wconf 88' lang='lat' dir='ltr'><strong>die</strong></span> <span class='ocrx_word' id='word_1_180' title='bbox 1183 4439 1305 4516; x_wconf 88' lang='lat' dir='ltr'><strong>Minyer.</strong></span> 
     </span>
    </p>
   </div>
   <div class='ocr_carea' id='block_1_13' title="bbox 0 0 1631 5092">
    <p class='ocr_par' dir='ltr' id='par_1_21' title="bbox 0 0 1631 5092">
     <span class='ocr_line' id='line_1_32' title="bbox 0 0 1631 5092; baseline 0 0"><span class='ocrx_word' id='word_1_181' title='bbox 0 0 1631 5092; x_wconf 95' lang='lat' dir='ltr'><strong> </strong></span> 
     </span>
    </p>
   </div>
  </div>
 </body>
</html>
