3204 5104
791 404 841 463 30
1141 361 1145 368 Ι
1203 400 1349 482 [Canas.
1375 401 1428 469 11.

221 575 324 672 (1.9.)
342 599 406 648 sua
421 573 506 646 sede
522 582 604 670 post
621 583 772 646 coeteras
790 575 921 646 incisas
939 574 1067 670 posita.
1100 574 1208 665 Quod
1222 578 1425 650 notandum

221 732 268 782 ne
304 709 385 804 quis
420 706 608 805 imperitus
643 730 724 780 cum
761 707 880 782 fredus
914 707 1095 804 explicare
1130 717 1302 806 nequeat,
1338 733 1426 783 suas

220 837 446 934 conjecturas
478 834 678 934 injiciendo
724 837 859 918 nodum
895 859 1020 910 secare
1054 835 1152 910 velit.
1205 833 1423 910 Notandum

220 995 368 1070 quoque
402 972 450 1044 ob
482 961 632 1043 eandem
667 993 826 1057 causam,
861 971 1037 1044 tantulum
1072 970 1217 1043 laminae
1254 973 1424 1046 nocuisse

219 1113 373 1199 tempus,
410 1113 451 1176 ut
483 1126 531 1175 ne
564 1113 738 1199 punctum
774 1101 933 1199 quidem,
966 1101 1115 1195 (nedum
1145 1101 1265 1194 litera)
1302 1105 1340 1177 in
1376 1130 1423 1179 ea

218 1233 431 1334 ambiguum
459 1242 522 1306 aut
546 1233 742 1306 obscurum
769 1230 826 1304 sit.

293 1364 376 1455 Quo
416 1373 578 1459 tempore
619 1360 739 1434 foedus
778 1360 929 1450 initum,‘
957 1359 1100 1434 difficile
1139 1362 1261 1450 dictn;
1298 1373 1420 1436 vetus·

219 1495 393 1568 tissimum
419 1506 540 1568 autem
571 1517 651 1567 esse
683 1492 794 1566 multa
821 1493 1029 1564 ostendunt.
1076 1489 1198 1563 Verba
1230 1490 1327 1564 enim
1359 1491 1421 1564 bic

218 1627 450 1725 reperiuntur
478 1648 574 1720 quae,
609 1625 737 1698 eodem
770 1623 896 1696 saltem
927 1644 1050 1709 sensu,
1082 1622 1179 1693 baud
1205 1621 1292 1694 alibi
1320 1624 1420 1719 apud

218 1758 345 1832 solutae
384 1757 555 1830 orationis
591 1757 781 1853 scriptores
822 1754 878 1828 vel
922 1753 1195 1851 antiquissimos
1233 1753 1418 1854 leguntur.

219 1892 356 1967 Literae
381 1890 567 1965 nonnullae
600 1887 852 1985 antiquissima
875 1885 993 1960 forma
1013 1884 1244 1973 efficiuntur3
1272 1898 1309 1960 et
1339 1885 1421 1983 ipsa

217 2021 332 2096 oratio
355 2019 491 2092 inculta
508 2030 565 2093 est
588 2044 696 2117 quarn
721 2019 889 2124 maxime,
915 2027 1027 2114 atque
1043 2017 1164 2105 rudis;
1189 2020 1288 2116 quod
1306 2017 1420 2092 cuivis

216 2153 289 2226 duo
325 2151 480 2240 foedera,
519 2153 615 2249 apud
652 2149 909 2249 Thucydidem
954 2158 1179 2236 conservata,
1217 2150 1420 2246 eademque

216 2275 369 2350 dialecto
383 2277 597 2373 conscripta,
614 2277 822 2375 inspicienti
839 2277 969 2351 clarius
982 2276 1131 2374 patebit.
1173 2275 1242 2350 His
1260 2288 1416 2350 nostram

218 2415 351 2505 Ρητραν
369 2407 512 2482 duobus
534 2409 621 2482 totis
639 2411 782 2483 saeculis
804 2409 1024 2482 antecedere
1048 2418 1153 2505 putat
1179 2407 1376 2506 Knigbtius
1390 2407 1417 2478 ¹.

216 2536 310 2609 Cum
345 2547 467 2611 autern
498 2539 623 2634 populi
658 2540 718 2612 bic
749 2525 937 2614 memorati
972 2541 1117 2615 obscuri
1152 2550 1277 2614 essent
1307 2548 1419 2636 atque

215 2669 408 2771 ignobiles,
434 2674 601 2770 adeoque
621 2673 805 2747 literarum
833 2675 942 2762 rudes
969 2684 1021 2760 ut,
1049 2684 1224 2772 quantum
1248 2673 1419 2762 sciamus,

214 2803 275 2878 vix
303 2827 346 2876 ac
377 2827 424 2876 ne
455 2804 516 2876 rix
545 2804 692 2899 quidem
722 2801 876 2877 dialecto
902 2803 971 2878 sibi
1002 2803 1148 2901 propria
1173 2803 1306 2878 librum
1330 2827 1420 2878 con-

215 2936 389 3034 scriptum
408 2935 616 3023 habuerint,
645 2936 813 3032 scuiptor,
840 2937 870 3009 si
889 2938 1036 3035 quando
1053 2937 1136 3010 reris
1155 2937 1210 3010 rel
1231 2936 1420 3010 marmoris
1496 2979 1500 2988 ·

213 3069 399 3145 incidendi
425 3068 622 3143 necessitas
647 3079 772 3141 exorta
790 3067 910 3158 fuerit,
940 3070 1073 3142 nullam
1096 3080 1232 3144 certam
1253 3070 1418 3170 regulam

215 3227 332 3303 quam·
349 3213 577 3301 sequeretur,
603 3202 738 3275 babere
759 3200 887 3295 potuit.
941 3195 1049 3292 Quod
1074 3225 1155 3275 cum
1177 3203 1228 3276 ita
1253 3203 1312 3291 ait,
1339 3228 1419 3278 aero

214 3332 300 3406 alibi
317 3333 471 3420 cultiori,
486 3332 580 3405 inter
598 3333 662 3404 has
678 3340 811 3430 gentes
828 3331 1117 3421 incultissimum,
1137 3355 1249 3431 quum
1266 3332 1421 3429 loquen-

215 3466 263 3554 di,
292 3475 369 3538 tum
391 3465 586 3550 scribendi,
605 3489 741 3537 morem
760 3465 822 3536 diu
849 3464 1091 3561 permansisse
1119 3465 1266 3539 minime
1293 3488 1419 3539 avero

214 3603 385 3677 alienum.
437 3601 531 3674 Haec
565 3600 643 3673 fere
679 3608 764 3672 sunt
796 3625 879 3698 quae
914 3599 1119 3697 impediunt
1149 3600 1343 3696 quominus
1373 3599 1420 3672 de

214 3733 363 3808 foederis
392 3745 501 3808 aetate
535 3732 671 3832 aliquid
695 3734 868 3806 audacter
893 3733 1086 3830 proferam,
1119 3731 1355 3828 efficiuntque
1378 3743 1420 3804 ut

213 3866 329 3938 libens
346 3865 383 3939 in
398 3863 567 3964 Knigirtii
586 3865 801 3938 sententiam
822 3887 915 3952 earn,
942 3863 1095 3974 dicentis
1115 3864 1255 3938 scilicet
1272 3862 1419 3937 difficile

215 4024 294 4073 esse
329 3998 468 4096 aliquid
502 4000 592 4072 certi
622 4007 781 4071 statuere
811 3999 857 4070 de
891 3997 1186 4095 inscriptionibus
1218 4023 1302 4096 quae
1332 4022 1419 4073 vera

214 4128 364 4200 historia
380 4129 437 4202 vel
454 4128 664 4203 vetustiores
677 4136 763 4200 sunt
779 4125 833 4198 vel
850 4126 1014 4225 indignas
1030 4150 1121 4225 quas
1136 4138 1324 4203 memoret.
1343 4125 1418 4200 Sed

214 4254 336 4328 forsan
367 4253 455 4328 iliud
482 4259 692 4343 notandum,
718 4255 755 4327 in
791 4255 859 4327 boc
885 4253 1026 4327 soedere
1049 4255 1241 4329 articulum
1269 4250 1417 4350 proprio

585 4529 591 4562 ¹
615 4527 690 4601 Eph.
713 4525 806 4583 crass.
828 4526 1048 4602 X111.p.117.
