<?xml version="1.0" encoding="UTF-8"?>
<!DOCTYPE html PUBLIC "-//W3C//DTD XHTML 1.0 Transitional//EN"
    "http://www.w3.org/TR/xhtml1/DTD/xhtml1-transitional.dtd">
<html xmlns="http://www.w3.org/1999/xhtml" xml:lang="en" lang="en">
 <head>
  <title>
</title>
<meta http-equiv="Content-Type" content="text/html;charset=utf-8" />
  <meta name='ocr-system' content='tesseract 3.04.00' />
  <meta name='ocr-capabilities' content='ocr_page ocr_carea ocr_par ocr_line ocrx_word'/>
</head>
<body>
  <div class='ocr_page' id='page_1' title='image "./inscriptionesgr00rosegoog_0592.png"; bbox 0 0 3222 5104; ppageno 0'>
   <div class='ocr_carea' id='block_1_1' title="bbox 671 421 1011 500">
    <p class='ocr_par' dir='ltr' id='par_1_1' title="bbox 671 421 1011 500">
     <span class='ocr_line' id='line_1_1' title="bbox 671 421 1011 500; baseline 0.006 -28"><span class='ocrx_word' id='word_1_1' title='bbox 671 421 907 474; x_wconf 77' lang='lat' dir='ltr'>nernsntx.</span> <span class='ocrx_word' id='word_1_2' title='bbox 1005 487 1011 500; x_wconf 30' lang='grc' dir='ltr'>Ι</span> 
     </span>
    </p>
   </div>
   <div class='ocr_carea' id='block_1_2' title="bbox 200 585 1386 4595">
    <p class='ocr_par' dir='ltr' id='par_1_2' title="bbox 218 585 636 757">
     <span class='ocr_line' id='line_1_2' title="bbox 218 585 581 672; baseline -0.006 -21"><span class='ocrx_word' id='word_1_3' title='bbox 218 594 247 651; x_wconf 89' lang='lat' dir='ltr'><em>H</em></span> <span class='ocrx_word' id='word_1_4' title='bbox 267 611 323 672; x_wconf 89' lang='lat' dir='ltr'>pro</span> <span class='ocrx_word' id='word_1_5' title='bbox 342 585 450 672; x_wconf 81' lang='lat' dir='ltr'>spiritu</span> <span class='ocrx_word' id='word_1_6' title='bbox 467 609 581 670; x_wconf 78' lang='lat' dir='ltr'>aspero</span> 
     </span>
     <span class='ocr_line' id='line_1_3' title="bbox 270 689 636 757; baseline 0 -9"><span class='ocrx_word' id='word_1_7' title='bbox 270 691 437 750; x_wconf 63' lang='lat' dir='ltr'>nutum.</span> <span class='ocrx_word' id='word_1_8' title='bbox 488 693 520 757; x_wconf 86' lang='grc'>9.</span> <span class='ocrx_word' id='word_1_9' title='bbox 548 689 636 748; x_wconf 81' lang='grc'><strong>1101.</strong></span> 
     </span>
    </p>

    <p class='ocr_par' dir='ltr' id='par_1_3' title="bbox 221 781 1369 1650">
     <span class='ocr_line' id='line_1_4' title="bbox 221 781 521 846; baseline -0.003 0"><span class='ocrx_word' id='word_1_10' title='bbox 221 791 249 845; x_wconf 91' lang='lat' dir='ltr'>N</span> <span class='ocrx_word' id='word_1_11' title='bbox 268 795 419 846; x_wconf 79' lang='lat' dir='ltr'>mutatum</span> <span class='ocrx_word' id='word_1_12' title='bbox 437 781 468 846; x_wconf 91' lang='lat' dir='ltr'>in</span> <span class='ocrx_word' id='word_1_13' title='bbox 489 788 521 845; x_wconf 88' lang='grc' dir='ltr'><strong>Μ</strong></span> 
     </span>
     <span class='ocr_line' id='line_1_5' title="bbox 270 861 1363 953; baseline -0.005 -9"><span class='ocrx_word' id='word_1_14' title='bbox 270 887 380 944; x_wconf 70' lang='lat' dir='ltr'>suno</span> <span class='ocrx_word' id='word_1_15' title='bbox 396 891 467 945; x_wconf 63' lang='lat' dir='ltr'>ns.</span> <span class='ocrx_word' id='word_1_16' title='bbox 511 881 790 953; x_wconf 75' lang='lat' dir='ltr'>Msuosrxsz,</span> <span class='ocrx_word' id='word_1_17' title='bbox 805 861 844 938; x_wconf 74' lang='lat' dir='ltr'>‘et</span> <span class='ocrx_word' id='word_1_18' title='bbox 860 881 886 937; x_wconf 92' lang='lat' dir='ltr'>n</span> <span class='ocrx_word' id='word_1_19' title='bbox 904 899 931 938; x_wconf 79' lang='lat' dir='ltr'>v.</span> <span class='ocrx_word' id='word_1_20' title='bbox 941 883 974 946; x_wconf 87' lang='lat'>9.</span> <span class='ocrx_word' id='word_1_21' title='bbox 1002 879 1243 940; x_wconf 76' lang='lat' dir='ltr'>usunoum.</span> <span class='ocrx_word' id='word_1_22' title='bbox 1262 897 1293 938; x_wconf 76' lang='lat' dir='ltr'>v.</span> <span class='ocrx_word' id='word_1_23' title='bbox 1314 885 1363 939; x_wconf 86' lang='grc' dir='ltr'>ιο.</span> 
     </span>
     <span class='ocr_line' id='line_1_6' title="bbox 270 970 1363 1058; baseline -0.004 -17"><span class='ocrx_word' id='word_1_24' title='bbox 270 985 396 1057; x_wconf 70' lang='lat' dir='ltr'>umus,</span> <span class='ocrx_word' id='word_1_25' title='bbox 417 977 492 1042; x_wconf 88' lang='lat' dir='ltr'>item</span> <span class='ocrx_word' id='word_1_26' title='bbox 519 977 549 1039; x_wconf 91' lang='lat' dir='ltr'>in</span> <span class='ocrx_word' id='word_1_27' title='bbox 577 974 730 1058; x_wconf 82' lang='lat' dir='ltr'>Catelogo</span> <span class='ocrx_word' id='word_1_28' title='bbox 749 971 931 1037; x_wconf 88' lang='lat' dir='ltr'>Fourmonti</span> <span class='ocrx_word' id='word_1_29' title='bbox 953 970 1026 1036; x_wconf 88' lang='lat' dir='ltr'>Col.</span> <span class='ocrx_word' id='word_1_30' title='bbox 1043 993 1067 1036; x_wconf 89' lang='lat'>1.</span> <span class='ocrx_word' id='word_1_31' title='bbox 1084 975 1172 1036; x_wconf 71' lang='lat' dir='ltr'>loo.</span> <span class='ocrx_word' id='word_1_32' title='bbox 1223 978 1363 1038; x_wconf 83' lang='grc' dir='ltr'>ΕΜΠΟ·</span> 
     </span>
     <span class='ocr_line' id='line_1_7' title="bbox 270 1068 1364 1156; baseline -0.005 -18"><span class='ocrx_word' id='word_1_33' title='bbox 270 1081 472 1148; x_wconf 70' lang='lat' dir='ltr'>Telesini,</span> <span class='ocrx_word' id='word_1_34' title='bbox 497 1073 584 1137; x_wconf 78' lang='grc'><strong>145.</strong></span> <span class='ocrx_word' id='word_1_35' title='bbox 637 1077 828 1136; x_wconf 74' lang='lat' dir='ltr'>EMllYLOI</span> <span class='ocrx_word' id='word_1_36' title='bbox 856 1072 894 1133; x_wconf 89' lang='lat' dir='ltr'>de</span> <span class='ocrx_word' id='word_1_37' title='bbox 921 1093 984 1156; x_wconf 80' lang='lat' dir='ltr'>que</span> <span class='ocrx_word' id='word_1_38' title='bbox 1006 1068 1178 1134; x_wconf 74' lang='lat' dir='ltr'>mutatione</span> <span class='ocrx_word' id='word_1_39' title='bbox 1207 1071 1252 1133; x_wconf 89' lang='lat' dir='ltr'>cl.</span> <span class='ocrx_word' id='word_1_40' title='bbox 1279 1070 1364 1134; x_wconf 88' lang='lat' dir='ltr'>Her-</span> 
     </span>
     <span class='ocr_line' id='line_1_8' title="bbox 271 1165 1365 1237; baseline -0.004 0"><span class='ocrx_word' id='word_1_41' title='bbox 271 1189 418 1236; x_wconf 84' lang='lat' dir='ltr'>mnnnum</span> <span class='ocrx_word' id='word_1_42' title='bbox 445 1174 486 1237; x_wconf 91' lang='lat' dir='ltr'>de</span> <span class='ocrx_word' id='word_1_43' title='bbox 512 1172 638 1234; x_wconf 85' lang='lat' dir='ltr'>emend.</span> <span class='ocrx_word' id='word_1_44' title='bbox 664 1183 721 1232; x_wconf 83' lang='lat' dir='ltr'>ret.</span> <span class='ocrx_word' id='word_1_45' title='bbox 740 1170 846 1233; x_wconf 82' lang='lat' dir='ltr'>Graec.</span> <span class='ocrx_word' id='word_1_46' title='bbox 870 1167 1015 1232; x_wconf 82' lang='lat' dir='ltr'>Grsmm.</span> <span class='ocrx_word' id='word_1_47' title='bbox 1033 1166 1111 1232; x_wconf 66' lang='lat' dir='ltr'>Lm.</span> <span class='ocrx_word' id='word_1_48' title='bbox 1135 1187 1235 1232; x_wconf 67' lang='lat' dir='ltr'>c.»1v.</span> <span class='ocrx_word' id='word_1_49' title='bbox 1278 1165 1365 1232; x_wconf 80' lang='lat' dir='ltr'>Cere</span> 
     </span>
     <span class='ocr_line' id='line_1_9' title="bbox 271 1265 1363 1350; baseline -0.005 -16"><span class='ocrx_word' id='word_1_50' title='bbox 271 1284 375 1334; x_wconf 75' lang='lat' dir='ltr'>temen</span> <span class='ocrx_word' id='word_1_51' title='bbox 394 1269 427 1333; x_wconf 94' lang='lat' dir='ltr'>id</span> <span class='ocrx_word' id='word_1_52' title='bbox 447 1272 485 1332; x_wconf 84' lang='lat' dir='ltr'>ed</span> <span class='ocrx_word' id='word_1_53' title='bbox 502 1287 612 1333; x_wconf 83' lang='lat' dir='ltr'>ornnes</span> <span class='ocrx_word' id='word_1_54' title='bbox 629 1265 757 1331; x_wconf 79' lang='lat' dir='ltr'>Groecns</span> <span class='ocrx_word' id='word_1_55' title='bbox 774 1279 883 1349; x_wconf 77' lang='lat' dir='ltr'>gentes</span> <span class='ocrx_word' id='word_1_56' title='bbox 906 1265 1087 1350; x_wconf 74' lang='lat' dir='ltr'>pertinuisse</span> <span class='ocrx_word' id='word_1_57' title='bbox 1104 1267 1224 1329; x_wconf 83' lang='lat' dir='ltr'>credes.</span> <span class='ocrx_word' id='word_1_58' title='bbox 1276 1265 1363 1329; x_wconf 79' lang='lat' dir='ltr'>Nem</span> 
     </span>
     <span class='ocr_line' id='line_1_10' title="bbox 273 1360 1369 1450; baseline -0.005 -19"><span class='ocrx_word' id='word_1_59' title='bbox 273 1389 311 1431; x_wconf 86' lang='lat' dir='ltr'>ex</span> <span class='ocrx_word' id='word_1_60' title='bbox 332 1366 409 1431; x_wconf 78' lang='lat' dir='ltr'>Elea</span> <span class='ocrx_word' id='word_1_61' title='bbox 427 1367 479 1430; x_wconf 85' lang='lat' dir='ltr'>illa</span> <span class='ocrx_word' id='word_1_62' title='bbox 495 1365 700 1450; x_wconf 70' lang='lat' dir='ltr'>inscriptione</span> <span class='ocrx_word' id='word_1_63' title='bbox 715 1387 841 1428; x_wconf 87' lang='lat' dir='ltr'>cernere</span> <span class='ocrx_word' id='word_1_64' title='bbox 858 1363 945 1441; x_wconf 87' lang='lat' dir='ltr'>licet,</span> <span class='ocrx_word' id='word_1_65' title='bbox 968 1364 1134 1427; x_wconf 83' lang='lat' dir='ltr'>AEolenses</span> <span class='ocrx_word' id='word_1_66' title='bbox 1148 1360 1196 1425; x_wconf 88' lang='lat' dir='ltr'>vel</span> <span class='ocrx_word' id='word_1_67' title='bbox 1211 1362 1244 1425; x_wconf 91' lang='lat' dir='ltr'>in</span> <span class='ocrx_word' id='word_1_68' title='bbox 1259 1361 1369 1426; x_wconf 83' lang='lat' dir='ltr'>mediis</span> 
     </span>
     <span class='ocr_line' id='line_1_11' title="bbox 273 1459 1367 1534; baseline -0.004 -6"><span class='ocrx_word' id='word_1_69' title='bbox 273 1464 402 1528; x_wconf 86' lang='lat' dir='ltr'>vocibus</span> <span class='ocrx_word' id='word_1_70' title='bbox 422 1471 450 1527; x_wconf 89' lang='lat' dir='ltr'>N</span> <span class='ocrx_word' id='word_1_71' title='bbox 474 1485 622 1528; x_wconf 79' lang='lat' dir='ltr'>servasse.</span> <span class='ocrx_word' id='word_1_72' title='bbox 678 1463 714 1526; x_wconf 90' lang='lat' dir='ltr'>ln</span> <span class='ocrx_word' id='word_1_73' title='bbox 735 1464 793 1524; x_wconf 84' lang='lat' dir='ltr'>buc</span> <span class='ocrx_word' id='word_1_74' title='bbox 810 1459 892 1524; x_wconf 90' lang='lat' dir='ltr'>enim</span> <span class='ocrx_word' id='word_1_75' title='bbox 908 1467 1147 1534; x_wconf 82' lang='grc' dir='ltr'><strong>ΣΥΝΜΑΧΙΑ,</strong></span> <span class='ocrx_word' id='word_1_76' title='bbox 1174 1471 1206 1522; x_wconf 86' lang='lat' dir='ltr'>et</span> <span class='ocrx_word' id='word_1_77' title='bbox 1230 1465 1303 1524; x_wconf 86' lang='lat' dir='ltr'>TOl</span> <span class='ocrx_word' id='word_1_78' title='bbox 1322 1466 1367 1524; x_wconf 88' lang='grc' dir='ltr'>ΔΙ</span> 
     </span>
     <span class='ocr_line' id='line_1_12' title="bbox 274 1552 1279 1650; baseline -0.005 -26"><span class='ocrx_word' id='word_1_79' title='bbox 274 1567 481 1625; x_wconf 78' lang='lat' dir='ltr'>OAYNl&#39;llOl</span> <span class='ocrx_word' id='word_1_80' title='bbox 498 1561 523 1624; x_wconf 88' lang='lat' dir='ltr'>i.</span> <span class='ocrx_word' id='word_1_81' title='bbox 539 1586 568 1624; x_wconf 86' lang='lat' dir='ltr'>e.</span> <span class='ocrx_word' id='word_1_82' title='bbox 587 1559 767 1650; x_wconf 74' lang='grc' dir='ltr'><strong>συμμαχία,</strong></span> <span class='ocrx_word' id='word_1_83' title='bbox 794 1558 842 1643; x_wconf 73' lang='grc' dir='ltr'>τῷ</span> <span class='ocrx_word' id='word_1_84' title='bbox 862 1552 920 1624; x_wconf 76' lang='grc' dir='ltr'>Διῒ</span> <span class='ocrx_word' id='word_1_85' title='bbox 934 1553 1106 1643; x_wconf 70' lang='grc' dir='ltr'>Ὀλυμπίῳ</span> <span class='ocrx_word' id='word_1_86' title='bbox 1123 1555 1279 1621; x_wconf 79' lang='lat' dir='ltr'><strong>scribitur.</strong></span> 
     </span>
    </p>

    <p class='ocr_par' dir='ltr' id='par_1_4' title="bbox 223 1654 1370 2016">
     <span class='ocr_line' id='line_1_13' title="bbox 299 1654 1369 1744; baseline -0.004 -22"><span class='ocrx_word' id='word_1_87' title='bbox 299 1658 448 1744; x_wconf 85' lang='lat' dir='ltr'>Denique</span> <span class='ocrx_word' id='word_1_88' title='bbox 474 1658 678 1743; x_wconf 74' lang='lat' dir='ltr'>singularibus</span> <span class='ocrx_word' id='word_1_89' title='bbox 704 1656 822 1735; x_wconf 81' lang='lat' dir='ltr'>formis,</span> <span class='ocrx_word' id='word_1_90' title='bbox 849 1681 926 1741; x_wconf 87' lang='lat' dir='ltr'>quns</span> <span class='ocrx_word' id='word_1_91' title='bbox 956 1655 1038 1742; x_wconf 85' lang='lat' dir='ltr'>typis</span> <span class='ocrx_word' id='word_1_92' title='bbox 1066 1654 1177 1720; x_wconf 81' lang='lat' dir='ltr'>nostris</span> <span class='ocrx_word' id='word_1_93' title='bbox 1194 1654 1369 1738; x_wconf 78' lang='lat' dir='ltr'>exprimere</span> 
     </span>
     <span class='ocr_line' id='line_1_14' title="bbox 225 1751 1370 1841; baseline -0.003 -21"><span class='ocrx_word' id='word_1_94' title='bbox 225 1779 288 1820; x_wconf 89' lang='lat' dir='ltr'>non</span> <span class='ocrx_word' id='word_1_95' title='bbox 313 1756 507 1841; x_wconf 69' lang='lat' dir='ltr'>potuimus</span> <span class='ocrx_word' id='word_1_96' title='bbox 531 1756 648 1830; x_wconf 85' lang='lat' dir='ltr'>Tbets,</span> <span class='ocrx_word' id='word_1_97' title='bbox 675 1755 758 1819; x_wconf 84' lang='lat' dir='ltr'>orbis</span> <span class='ocrx_word' id='word_1_98' title='bbox 784 1771 815 1818; x_wconf 87' lang='lat' dir='ltr'>et</span> <span class='ocrx_word' id='word_1_99' title='bbox 845 1768 997 1838; x_wconf 89' lang='lat' dir='ltr'>punctum</span> <span class='ocrx_word' id='word_1_100' title='bbox 1026 1753 1057 1818; x_wconf 90' lang='lat' dir='ltr'>in</span> <span class='ocrx_word' id='word_1_101' title='bbox 1086 1767 1205 1832; x_wconf 87' lang='lat' dir='ltr'>centro,</span> <span class='ocrx_word' id='word_1_102' title='bbox 1232 1751 1370 1818; x_wconf 73' lang='lat' dir='ltr'>Gemma</span> 
     </span>
     <span class='ocr_line' id='line_1_15' title="bbox 223 1849 1370 1932; baseline -0.001 -15"><span class='ocrx_word' id='word_1_103' title='bbox 223 1853 316 1918; x_wconf 78' lang='lat' dir='ltr'>instes</span> <span class='ocrx_word' id='word_1_104' title='bbox 333 1861 363 1918; x_wconf 94' lang='grc' dir='ltr'>Δ</span> <span class='ocrx_word' id='word_1_105' title='bbox 380 1857 501 1919; x_wconf 78' lang='lat' dir='ltr'>sublate</span> <span class='ocrx_word' id='word_1_106' title='bbox 517 1855 598 1920; x_wconf 84' lang='lat' dir='ltr'>linea</span> <span class='ocrx_word' id='word_1_107' title='bbox 612 1854 643 1917; x_wconf 91' lang='lat' dir='ltr'>in</span> <span class='ocrx_word' id='word_1_108' title='bbox 660 1855 740 1932; x_wconf 75' lang='lat' dir='ltr'>basi,</span> <span class='ocrx_word' id='word_1_109' title='bbox 766 1854 804 1918; x_wconf 88' lang='lat' dir='ltr'>Pi</span> <span class='ocrx_word' id='word_1_110' title='bbox 818 1867 958 1918; x_wconf 88' lang='lat' dir='ltr'>truncuts</span> <span class='ocrx_word' id='word_1_111' title='bbox 978 1853 1058 1918; x_wconf 83' lang='lat' dir='ltr'>lines</span> <span class='ocrx_word' id='word_1_112' title='bbox 1080 1855 1199 1932; x_wconf 80' lang='lat' dir='ltr'>dentre,</span> <span class='ocrx_word' id='word_1_113' title='bbox 1225 1849 1370 1917; x_wconf 69' lang='lat' dir='ltr'>lambda</span> 
     </span>
     <span class='ocr_line' id='line_1_16' title="bbox 225 1951 494 2016; baseline -0.011 0"><span class='ocrx_word' id='word_1_114' title='bbox 225 1953 321 2016; x_wconf 76' lang='lat' dir='ltr'>instes</span> <span class='ocrx_word' id='word_1_115' title='bbox 342 1951 443 2016; x_wconf 70' lang='lat' dir='ltr'>Latini</span> <span class='ocrx_word' id='word_1_116' title='bbox 460 1959 494 2016; x_wconf 86' lang='lat' dir='ltr'>L.</span> 
     </span>
    </p>

    <p class='ocr_par' dir='ltr' id='par_1_5' title="bbox 200 2040 1386 4595">
     <span class='ocr_line' id='line_1_17' title="bbox 304 2040 1368 2134; baseline 0 -22"><span class='ocrx_word' id='word_1_117' title='bbox 304 2049 360 2112; x_wconf 87' lang='lat' dir='ltr'>Est</span> <span class='ocrx_word' id='word_1_118' title='bbox 376 2063 481 2114; x_wconf 82' lang='lat' dir='ltr'>uutom</span> <span class='ocrx_word' id='word_1_119' title='bbox 497 2051 563 2112; x_wconf 80' lang='lat' dir='ltr'>bsec</span> <span class='ocrx_word' id='word_1_120' title='bbox 580 2049 680 2134; x_wconf 79' lang='lat' dir='ltr'>prisce</span> <span class='ocrx_word' id='word_1_121' title='bbox 696 2049 811 2112; x_wconf 73' lang='lat' dir='ltr'>Atticm</span> <span class='ocrx_word' id='word_1_122' title='bbox 829 2049 995 2120; x_wconf 76' lang='lat' dir='ltr'>literature,</span> <span class='ocrx_word' id='word_1_123' title='bbox 1022 2041 1069 2110; x_wconf 71' lang='grc' dir='ltr'>τὰ</span> <span class='ocrx_word' id='word_1_124' title='bbox 1090 2041 1220 2111; x_wconf 73' lang='grc' dir='ltr'>παλαιοὶ</span> <span class='ocrx_word' id='word_1_125' title='bbox 1236 2040 1368 2112; x_wconf 59' lang='lat' dir='ltr'>brenel</span> 
     </span>
     <span class='ocr_line' id='line_1_18' title="bbox 223 2142 1372 2233; baseline 0 -25"><span class='ocrx_word' id='word_1_126' title='bbox 223 2144 424 2233; x_wconf 70' lang='grc' dir='ltr'>γράμματα,</span> <span class='ocrx_word' id='word_1_127' title='bbox 447 2145 538 2208; x_wconf 74' lang='lat' dir='ltr'>soriis</span> <span class='ocrx_word' id='word_1_128' title='bbox 555 2145 607 2209; x_wconf 82' lang='lat' dir='ltr'>ills</span> <span class='ocrx_word' id='word_1_129' title='bbox 621 2145 720 2208; x_wconf 88' lang='lat' dir='ltr'>modis</span> <span class='ocrx_word' id='word_1_130' title='bbox 740 2169 758 2208; x_wconf 88' lang='lat' dir='ltr'>s</span> <span class='ocrx_word' id='word_1_131' title='bbox 778 2144 980 2208; x_wconf 80' lang='lat' dir='ltr'>Doriensium</span> <span class='ocrx_word' id='word_1_132' title='bbox 995 2159 1027 2208; x_wconf 86' lang='lat' dir='ltr'>et</span> <span class='ocrx_word' id='word_1_133' title='bbox 1044 2142 1242 2208; x_wconf 85' lang='lat' dir='ltr'>AEoleusium</span> <span class='ocrx_word' id='word_1_134' title='bbox 1261 2143 1372 2226; x_wconf 80' lang='lat' dir='ltr'>nlpbe·</span> 
     </span>
     <span class='ocr_line' id='line_1_19' title="bbox 226 2238 1373 2326; baseline -0.003 -19"><span class='ocrx_word' id='word_1_135' title='bbox 226 2243 306 2307; x_wconf 87' lang='lat' dir='ltr'>betis</span> <span class='ocrx_word' id='word_1_136' title='bbox 334 2244 492 2316; x_wconf 84' lang='lat' dir='ltr'>recedens,</span> <span class='ocrx_word' id='word_1_137' title='bbox 522 2267 584 2326; x_wconf 87' lang='lat' dir='ltr'>qua</span> <span class='ocrx_word' id='word_1_138' title='bbox 616 2241 662 2305; x_wconf 93' lang='lat' dir='ltr'>usi</span> <span class='ocrx_word' id='word_1_139' title='bbox 690 2255 762 2304; x_wconf 88' lang='lat' dir='ltr'>sunt</span> <span class='ocrx_word' id='word_1_140' title='bbox 784 2241 1000 2315; x_wconf 84' lang='lat' dir='ltr'>Athenienses,</span> <span class='ocrx_word' id='word_1_141' title='bbox 1028 2239 1111 2304; x_wconf 87' lang='lat' dir='ltr'>velut</span> <span class='ocrx_word' id='word_1_142' title='bbox 1146 2238 1305 2304; x_wconf 72' lang='lat' dir='ltr'>Miltiades</span> <span class='ocrx_word' id='word_1_143' title='bbox 1340 2239 1373 2304; x_wconf 90' lang='lat' dir='ltr'>in</span> 
     </span>
     <span class='ocr_line' id='line_1_20' title="bbox 227 2337 1374 2426; baseline -0.005 -20"><span class='ocrx_word' id='word_1_144' title='bbox 227 2340 474 2426; x_wconf 67' lang='lat' dir='ltr'>Epigrammata,</span> <span class='ocrx_word' id='word_1_145' title='bbox 499 2342 583 2424; x_wconf 89' lang='lat' dir='ltr'>quod</span> <span class='ocrx_word' id='word_1_146' title='bbox 600 2337 757 2422; x_wconf 76' lang='lat' dir='ltr'>Olympius</span> <span class='ocrx_word' id='word_1_147' title='bbox 778 2338 986 2414; x_wconf 74' lang='lat' dir='ltr'>dedicaverat,</span> <span class='ocrx_word' id='word_1_148' title='bbox 1014 2340 1057 2401; x_wconf 83' lang='lat' dir='ltr'>ol.</span> <span class='ocrx_word' id='word_1_149' title='bbox 1085 2337 1182 2400; x_wconf 81' lang='lat' dir='ltr'>Pnus.</span> <span class='ocrx_word' id='word_1_150' title='bbox 1202 2359 1251 2400; x_wconf 82' lang='lat' dir='ltr'>vr.</span> <span class='ocrx_word' id='word_1_151' title='bbox 1270 2362 1300 2402; x_wconf 92' lang='lat' dir='ltr'>c.</span> <span class='ocrx_word' id='word_1_152' title='bbox 1325 2347 1374 2410; x_wconf 89' lang='lat'>19.</span> 
     </span>
     <span class='ocr_line' id='line_1_21' title="bbox 200 2435 1373 2519; baseline -0.003 -15"><span class='ocrx_word' id='word_1_153' title='bbox 200 2447 350 2510; x_wconf 75' lang='grc'><strong>’0.498.</strong></span> <span class='ocrx_word' id='word_1_154' title='bbox 382 2436 490 2501; x_wconf 82' lang='lat' dir='ltr'>Kulm.</span> <span class='ocrx_word' id='word_1_155' title='bbox 522 2439 622 2500; x_wconf 88' lang='lat' dir='ltr'>donec</span> <span class='ocrx_word' id='word_1_156' title='bbox 654 2436 768 2500; x_wconf 80' lang='lat' dir='ltr'>lonicoe</span> <span class='ocrx_word' id='word_1_157' title='bbox 795 2435 901 2514; x_wconf 72' lang='lat' dir='ltr'>litem,</span> <span class='ocrx_word' id='word_1_158' title='bbox 937 2459 1067 2499; x_wconf 86' lang='lat' dir='ltr'>numero</span> <span class='ocrx_word' id='word_1_159' title='bbox 1101 2457 1209 2500; x_wconf 77' lang='lat' dir='ltr'>xxiv.</span> <span class='ocrx_word' id='word_1_160' title='bbox 1238 2447 1373 2519; x_wconf 74' lang='lat' dir='ltr'>receptes</span> 
     </span>
     <span class='ocr_line' id='line_1_22' title="bbox 229 2531 1373 2618; baseline -0.002 -18"><span class='ocrx_word' id='word_1_161' title='bbox 229 2549 312 2600; x_wconf 82' lang='lat' dir='ltr'>sunt.</span> <span class='ocrx_word' id='word_1_162' title='bbox 364 2535 485 2600; x_wconf 88' lang='lat' dir='ltr'>Dicunt</span> <span class='ocrx_word' id='word_1_163' title='bbox 510 2535 540 2598; x_wconf 91' lang='lat' dir='ltr'>id</span> <span class='ocrx_word' id='word_1_164' title='bbox 569 2537 686 2598; x_wconf 87' lang='lat' dir='ltr'>lectum</span> <span class='ocrx_word' id='word_1_165' title='bbox 714 2538 772 2597; x_wconf 88' lang='lat' dir='ltr'>sub</span> <span class='ocrx_word' id='word_1_166' title='bbox 797 2533 891 2596; x_wconf 86' lang='lat' dir='ltr'>linem</span> <span class='ocrx_word' id='word_1_167' title='bbox 920 2533 994 2597; x_wconf 87' lang='lat' dir='ltr'>belli</span> <span class='ocrx_word' id='word_1_168' title='bbox 1016 2531 1193 2618; x_wconf 87' lang='lat' dir='ltr'>Peloponn.</span> <span class='ocrx_word' id='word_1_169' title='bbox 1210 2532 1373 2598; x_wconf 84' lang='lat' dir='ltr'>Archonte</span> 
     </span>
     <span class='ocr_line' id='line_1_23' title="bbox 232 2631 1374 2699; baseline -0.002 -1"><span class='ocrx_word' id='word_1_170' title='bbox 232 2633 362 2698; x_wconf 84' lang='lat' dir='ltr'>Euclide</span> <span class='ocrx_word' id='word_1_171' title='bbox 391 2634 444 2699; x_wconf 91' lang='lat' dir='ltr'>Ol.</span> <span class='ocrx_word' id='word_1_172' title='bbox 465 2654 525 2698; x_wconf 90' lang='lat' dir='ltr'>xc.</span> <span class='ocrx_word' id='word_1_173' title='bbox 547 2643 578 2698; x_wconf 72' lang='lat'>2.</span> <span class='ocrx_word' id='word_1_174' title='bbox 605 2645 676 2699; x_wconf 83' lang='lat' dir='ltr'>aute</span> <span class='ocrx_word' id='word_1_175' title='bbox 693 2655 745 2695; x_wconf 76' lang='lat' dir='ltr'>nr.</span> <span class='ocrx_word' id='word_1_176' title='bbox 762 2647 899 2696; x_wconf 85' lang='lat' dir='ltr'>nostram</span> <span class='ocrx_word' id='word_1_177' title='bbox 916 2641 992 2696; x_wconf 76' lang='lat'>403.</span> <span class='ocrx_word' id='word_1_178' title='bbox 1016 2655 1098 2697; x_wconf 85' lang='lat' dir='ltr'>anno</span> <span class='ocrx_word' id='word_1_179' title='bbox 1116 2631 1264 2697; x_wconf 88' lang='lat' dir='ltr'>vicesimo</span> <span class='ocrx_word' id='word_1_180' title='bbox 1289 2655 1374 2697; x_wconf 91' lang='lat' dir='ltr'>nono</span> 
     </span>
     <span class='ocr_line' id='line_1_24' title="bbox 232 2729 1374 2817; baseline -0.001 -22"><span class='ocrx_word' id='word_1_181' title='bbox 232 2745 304 2815; x_wconf 85' lang='lat' dir='ltr'>post</span> <span class='ocrx_word' id='word_1_182' title='bbox 334 2730 577 2816; x_wconf 83' lang='lat' dir='ltr'>inscriptionem,</span> <span class='ocrx_word' id='word_1_183' title='bbox 605 2734 644 2796; x_wconf 89' lang='lat' dir='ltr'>de</span> <span class='ocrx_word' id='word_1_184' title='bbox 672 2753 732 2817; x_wconf 81' lang='lat' dir='ltr'>que</span> <span class='ocrx_word' id='word_1_185' title='bbox 756 2729 886 2812; x_wconf 81' lang='lat' dir='ltr'>agimus,</span> <span class='ocrx_word' id='word_1_186' title='bbox 912 2729 1082 2795; x_wconf 79' lang='lat' dir='ltr'>conditum.</span> <span class='ocrx_word' id='word_1_187' title='bbox 1135 2730 1249 2795; x_wconf 89' lang='lat' dir='ltr'>Sedsi</span> <span class='ocrx_word' id='word_1_188' title='bbox 1268 2754 1374 2796; x_wconf 83' lang='lat' dir='ltr'>verum</span> 
     </span>
     <span class='ocr_line' id='line_1_25' title="bbox 230 2827 1377 2914; baseline 0.002 -22"><span class='ocrx_word' id='word_1_189' title='bbox 230 2842 366 2913; x_wconf 81' lang='lat' dir='ltr'>spectas,</span> <span class='ocrx_word' id='word_1_190' title='bbox 393 2829 509 2894; x_wconf 71' lang='lat' dir='ltr'>lonicus</span> <span class='ocrx_word' id='word_1_191' title='bbox 527 2829 691 2893; x_wconf 72' lang='lat' dir='ltr'>literature</span> <span class='ocrx_word' id='word_1_192' title='bbox 703 2851 777 2892; x_wconf 72' lang='lat' dir='ltr'>ersus</span> <span class='ocrx_word' id='word_1_193' title='bbox 792 2827 906 2891; x_wconf 87' lang='lat' dir='ltr'>sensim</span> <span class='ocrx_word' id='word_1_194' title='bbox 920 2827 1111 2893; x_wconf 84' lang='lat' dir='ltr'>introductus</span> <span class='ocrx_word' id='word_1_195' title='bbox 1123 2841 1184 2892; x_wconf 87' lang='lat' dir='ltr'>est.</span> <span class='ocrx_word' id='word_1_196' title='bbox 1210 2829 1377 2914; x_wconf 82' lang='lat' dir='ltr'>Apperent</span> 
     </span>
     <span class='ocr_line' id='line_1_26' title="bbox 230 2925 1376 3014; baseline 0.002 -24"><span class='ocrx_word' id='word_1_197' title='bbox 230 2926 313 2990; x_wconf 84' lang='lat' dir='ltr'>enim</span> <span class='ocrx_word' id='word_1_198' title='bbox 331 2925 361 2989; x_wconf 92' lang='lat' dir='ltr'>in</span> <span class='ocrx_word' id='word_1_199' title='bbox 376 2927 486 2990; x_wconf 86' lang='lat' dir='ltr'>mediis</span> <span class='ocrx_word' id='word_1_200' title='bbox 503 2925 619 2990; x_wconf 77' lang='lat' dir='ltr'>Atticis</span> <span class='ocrx_word' id='word_1_201' title='bbox 636 2925 731 2990; x_wconf 83' lang='lat' dir='ltr'>literis</span> <span class='ocrx_word' id='word_1_202' title='bbox 750 2928 819 3014; x_wconf 81' lang='lat' dir='ltr'>ejus</span> <span class='ocrx_word' id='word_1_203' title='bbox 836 2925 975 3009; x_wconf 75' lang='lat' dir='ltr'>vestigio,</span> <span class='ocrx_word' id='word_1_204' title='bbox 993 2925 1071 2990; x_wconf 84' lang='lat' dir='ltr'>utin</span> <span class='ocrx_word' id='word_1_205' title='bbox 1092 2925 1272 2990; x_wconf 87' lang='lat' dir='ltr'>Fourmonti</span> <span class='ocrx_word' id='word_1_206' title='bbox 1286 2941 1376 2992; x_wconf 83' lang='lat' dir='ltr'>eete-</span> 
     </span>
     <span class='ocr_line' id='line_1_27' title="bbox 232 3022 1375 3111; baseline 0.001 -23"><span class='ocrx_word' id='word_1_207' title='bbox 232 3024 319 3110; x_wconf 69' lang='lat' dir='ltr'>logn,</span> <span class='ocrx_word' id='word_1_208' title='bbox 346 3023 470 3110; x_wconf 91' lang='lat' dir='ltr'>quibis</span> <span class='ocrx_word' id='word_1_209' title='bbox 493 3026 744 3087; x_wconf 81' lang='grc' dir='ltr'><strong>ΑΝΤΙΦΑΝΗΣ</strong></span> <span class='ocrx_word' id='word_1_210' title='bbox 766 3024 936 3111; x_wconf 82' lang='lat' dir='ltr'>msjoribus</span> <span class='ocrx_word' id='word_1_211' title='bbox 960 3023 1054 3088; x_wconf 85' lang='lat' dir='ltr'>literis</span> <span class='ocrx_word' id='word_1_212' title='bbox 1077 3022 1150 3088; x_wconf 86' lang='lat' dir='ltr'>Col.</span> <span class='ocrx_word' id='word_1_213' title='bbox 1169 3046 1195 3088; x_wconf 86' lang='lat'>1.</span> <span class='ocrx_word' id='word_1_214' title='bbox 1224 3047 1303 3088; x_wconf 83' lang='lat' dir='ltr'>vers.</span> <span class='ocrx_word' id='word_1_215' title='bbox 1320 3032 1375 3097; x_wconf 79' lang='grc'>89.</span> 
     </span>
     <span class='ocr_line' id='line_1_28' title="bbox 234 3108 1378 3208; baseline 0 -22"><span class='ocrx_word' id='word_1_216' title='bbox 234 3131 289 3188; x_wconf 83' lang='grc'>54.</span> <span class='ocrx_word' id='word_1_217' title='bbox 307 3123 457 3208; x_wconf 82' lang='lat' dir='ltr'>scriptum</span> <span class='ocrx_word' id='word_1_218' title='bbox 473 3121 623 3198; x_wconf 79' lang='lat' dir='ltr'>exbibet3</span> <span class='ocrx_word' id='word_1_219' title='bbox 656 3146 694 3187; x_wconf 83' lang='lat' dir='ltr'>ec</span> <span class='ocrx_word' id='word_1_220' title='bbox 716 3136 803 3186; x_wconf 81' lang='lat' dir='ltr'>vetus</span> <span class='ocrx_word' id='word_1_221' title='bbox 829 3135 946 3187; x_wconf 81' lang='lat' dir='ltr'>tessere</span> <span class='ocrx_word' id='word_1_222' title='bbox 971 3108 1132 3208; x_wconf 75' lang='lat' dir='ltr'>hospitalii</span> <span class='ocrx_word' id='word_1_223' title='bbox 1159 3121 1268 3187; x_wconf 82' lang='lat' dir='ltr'>Musei</span> <span class='ocrx_word' id='word_1_224' title='bbox 1294 3121 1378 3186; x_wconf 81' lang='lat' dir='ltr'>Bor·</span> 
     </span>
     <span class='ocr_line' id='line_1_29' title="bbox 235 3219 1377 3306; baseline 0 -22"><span class='ocrx_word' id='word_1_225' title='bbox 235 3219 329 3304; x_wconf 82' lang='lat' dir='ltr'>gleni,</span> <span class='ocrx_word' id='word_1_226' title='bbox 357 3244 450 3306; x_wconf 84' lang='lat' dir='ltr'>quem</span> <span class='ocrx_word' id='word_1_227' title='bbox 472 3219 623 3306; x_wconf 75' lang='lat' dir='ltr'>explicuit</span> <span class='ocrx_word' id='word_1_228' title='bbox 654 3219 828 3294; x_wconf 84' lang='lat' dir='ltr'>lleereoius</span> <span class='ocrx_word' id='word_1_229' title='bbox 847 3221 878 3285; x_wconf 92' lang='lat' dir='ltr'>in</span> <span class='ocrx_word' id='word_1_230' title='bbox 909 3221 992 3287; x_wconf 88' lang='lat' dir='ltr'>Bibl.</span> <span class='ocrx_word' id='word_1_231' title='bbox 1019 3223 1075 3286; x_wconf 85' lang='lat' dir='ltr'>der</span> <span class='ocrx_word' id='word_1_232' title='bbox 1094 3224 1179 3286; x_wconf 78' lang='lat' dir='ltr'>alten</span> <span class='ocrx_word' id='word_1_233' title='bbox 1196 3219 1262 3285; x_wconf 65' lang='lat' dir='ltr'>Lis</span> <span class='ocrx_word' id='word_1_234' title='bbox 1286 3219 1377 3285; x_wconf 86' lang='lat' dir='ltr'>Fesc.</span> 
     </span>
     <span class='ocr_line' id='line_1_30' title="bbox 238 3320 1379 3406; baseline 0 -26"><span class='ocrx_word' id='word_1_235' title='bbox 238 3339 271 3382; x_wconf 78' lang='lat' dir='ltr'>V.</span> <span class='ocrx_word' id='word_1_236' title='bbox 287 3343 323 3402; x_wconf 85' lang='lat' dir='ltr'>p·</span> <span class='ocrx_word' id='word_1_237' title='bbox 343 3329 367 3382; x_wconf 93' lang='lat' dir='ltr'>l.</span> <span class='ocrx_word' id='word_1_238' title='bbox 386 3320 482 3383; x_wconf 80' lang='lat' dir='ltr'>hebet</span> <span class='ocrx_word' id='word_1_239' title='bbox 500 3323 822 3386; x_wconf 83' lang='grc' dir='ltr'><strong>ΑΡΜΟΞΙΔΑΜΟΣ</strong></span> <span class='ocrx_word' id='word_1_240' title='bbox 840 3332 872 3383; x_wconf 83' lang='lat' dir='ltr'>et</span> <span class='ocrx_word' id='word_1_241' title='bbox 884 3323 1104 3386; x_wconf 84' lang='grc' dir='ltr'>ΠΡΟΞΕΝΟΙ</span> <span class='ocrx_word' id='word_1_242' title='bbox 1115 3321 1208 3406; x_wconf 74' lang='lat' dir='ltr'>jum</span> <span class='ocrx_word' id='word_1_243' title='bbox 1219 3323 1379 3394; x_wconf 87' lang='grc' dir='ltr'><strong>ΔΙΔΟΤΙ,</strong></span> 
     </span>
     <span class='ocr_line' id='line_1_31' title="bbox 238 3416 1381 3502; baseline 0.002 -24"><span class='ocrx_word' id='word_1_244' title='bbox 238 3421 425 3490; x_wconf 85' lang='grc' dir='ltr'><strong>ΜΙΝΚΟΝ,</strong></span> <span class='ocrx_word' id='word_1_245' title='bbox 452 3423 667 3482; x_wconf 85' lang='grc' dir='ltr'>ΕΠΙΚΟΡΟΣ</span> <span class='ocrx_word' id='word_1_246' title='bbox 696 3440 757 3480; x_wconf 93' lang='lat' dir='ltr'>non</span> <span class='ocrx_word' id='word_1_247' title='bbox 786 3425 825 3498; x_wconf 89' lang='grc' dir='ltr'>Ω,</span> <span class='ocrx_word' id='word_1_248' title='bbox 853 3425 920 3497; x_wconf 84' lang='grc' dir='ltr'>ΟΥ,</span> <span class='ocrx_word' id='word_1_249' title='bbox 954 3419 1009 3482; x_wconf 88' lang='lat' dir='ltr'>sed</span> <span class='ocrx_word' id='word_1_250' title='bbox 1027 3422 1067 3485; x_wconf 89' lang='grc' dir='ltr'>Ξ.</span> <span class='ocrx_word' id='word_1_251' title='bbox 1111 3416 1267 3482; x_wconf 89' lang='lat' dir='ltr'>Nimirum</span> <span class='ocrx_word' id='word_1_252' title='bbox 1293 3439 1381 3502; x_wconf 80' lang='lat' dir='ltr'>quse·</span> 
     </span>
     <span class='ocr_line' id='line_1_32' title="bbox 238 3514 1381 3600; baseline 0.001 -23"><span class='ocrx_word' id='word_1_253' title='bbox 238 3536 361 3600; x_wconf 86' lang='lat' dir='ltr'>cunque</span> <span class='ocrx_word' id='word_1_254' title='bbox 393 3514 504 3577; x_wconf 85' lang='lat' dir='ltr'>vetusti</span> <span class='ocrx_word' id='word_1_255' title='bbox 538 3516 593 3577; x_wconf 76' lang='lat' dir='ltr'>sevi</span> <span class='ocrx_word' id='word_1_256' title='bbox 625 3515 844 3600; x_wconf 82' lang='lat' dir='ltr'>inscriptiones</span> <span class='ocrx_word' id='word_1_257' title='bbox 877 3515 1019 3594; x_wconf 82' lang='lat' dir='ltr'>vasculis,</span> <span class='ocrx_word' id='word_1_258' title='bbox 1053 3515 1168 3595; x_wconf 89' lang='lat' dir='ltr'>numis,</span> <span class='ocrx_word' id='word_1_259' title='bbox 1201 3515 1253 3580; x_wconf 84' lang='lat' dir='ltr'>aeri</span> <span class='ocrx_word' id='word_1_260' title='bbox 1287 3527 1381 3600; x_wconf 85' lang='lat' dir='ltr'>atque</span> 
     </span>
     <span class='ocr_line' id='line_1_33' title="bbox 238 3608 1381 3700; baseline 0.004 -27"><span class='ocrx_word' id='word_1_261' title='bbox 238 3608 383 3675; x_wconf 78' lang='lat' dir='ltr'>marmori</span> <span class='ocrx_word' id='word_1_262' title='bbox 414 3611 527 3675; x_wconf 67' lang='lat' dir='ltr'>‘addite</span> <span class='ocrx_word' id='word_1_263' title='bbox 560 3616 599 3676; x_wconf 85' lang='lat' dir='ltr'>ud</span> <span class='ocrx_word' id='word_1_264' title='bbox 625 3627 760 3677; x_wconf 83' lang='lat' dir='ltr'>nostram</span> <span class='ocrx_word' id='word_1_265' title='bbox 784 3613 963 3677; x_wconf 80' lang='lat' dir='ltr'>memorium</span> <span class='ocrx_word' id='word_1_266' title='bbox 993 3637 1170 3700; x_wconf 85' lang='lat' dir='ltr'>pervenere,</span> <span class='ocrx_word' id='word_1_267' title='bbox 1196 3637 1240 3678; x_wconf 80' lang='lat' dir='ltr'>eae</span> <span class='ocrx_word' id='word_1_268' title='bbox 1271 3635 1381 3678; x_wconf 90' lang='lat' dir='ltr'>omnes</span> 
     </span>
     <span class='ocr_line' id='line_1_34' title="bbox 237 3709 1381 3798; baseline 0.004 -27"><span class='ocrx_word' id='word_1_269' title='bbox 237 3711 360 3784; x_wconf 89' lang='lat' dir='ltr'>docent,</span> <span class='ocrx_word' id='word_1_270' title='bbox 386 3725 518 3794; x_wconf 89' lang='lat' dir='ltr'>quutuor</span> <span class='ocrx_word' id='word_1_271' title='bbox 541 3725 573 3774; x_wconf 85' lang='lat' dir='ltr'>et</span> <span class='ocrx_word' id='word_1_272' title='bbox 591 3711 696 3796; x_wconf 84' lang='lat' dir='ltr'>viginti</span> <span class='ocrx_word' id='word_1_273' title='bbox 718 3709 874 3775; x_wconf 84' lang='lat' dir='ltr'>literarum</span> <span class='ocrx_word' id='word_1_274' title='bbox 898 3712 1079 3798; x_wconf 83' lang='lat' dir='ltr'>scripturum</span> <span class='ocrx_word' id='word_1_275' title='bbox 1097 3711 1223 3796; x_wconf 87' lang='lat' dir='ltr'>populis</span> <span class='ocrx_word' id='word_1_276' title='bbox 1248 3710 1381 3776; x_wconf 90' lang='lat' dir='ltr'>subinde</span> 
     </span>
     <span class='ocr_line' id='line_1_35' title="bbox 236 3808 1380 3896; baseline 0.003 -26"><span class='ocrx_word' id='word_1_277' title='bbox 236 3821 341 3871; x_wconf 75' lang='lat' dir='ltr'>nutam</span> <span class='ocrx_word' id='word_1_278' title='bbox 360 3819 453 3892; x_wconf 81' lang='lat' dir='ltr'>etque</span> <span class='ocrx_word' id='word_1_279' title='bbox 464 3821 622 3893; x_wconf 80' lang='lat' dir='ltr'>receptum</span> <span class='ocrx_word' id='word_1_280' title='bbox 639 3829 720 3886; x_wconf 84' lang='lat' dir='ltr'>esse,</span> <span class='ocrx_word' id='word_1_281' title='bbox 738 3823 769 3872; x_wconf 90' lang='lat' dir='ltr'>et</span> <span class='ocrx_word' id='word_1_282' title='bbox 785 3829 886 3874; x_wconf 76' lang='lat' dir='ltr'>errare</span> <span class='ocrx_word' id='word_1_283' title='bbox 903 3813 975 3890; x_wconf 87' lang='lat' dir='ltr'>hos,</span> <span class='ocrx_word' id='word_1_284' title='bbox 1003 3810 1057 3896; x_wconf 87' lang='lat' dir='ltr'>qui</span> <span class='ocrx_word' id='word_1_285' title='bbox 1074 3810 1257 3876; x_wconf 79' lang='lat' dir='ltr'>Grecsrum</span> <span class='ocrx_word' id='word_1_286' title='bbox 1275 3808 1380 3874; x_wconf 84' lang='lat' dir='ltr'>litere·</span> 
     </span>
     <span class='ocr_line' id='line_1_36' title="bbox 234 3898 1382 3994; baseline 0.004 -26"><span class='ocrx_word' id='word_1_287' title='bbox 234 3921 305 3968; x_wconf 82' lang='lat' dir='ltr'>rum</span> <span class='ocrx_word' id='word_1_288' title='bbox 323 3898 457 3989; x_wconf 80' lang='lat' dir='ltr'>origines</span> <span class='ocrx_word' id='word_1_289' title='bbox 472 3921 569 3992; x_wconf 80' lang='lat' dir='ltr'>utque</span> <span class='ocrx_word' id='word_1_290' title='bbox 593 3926 774 3993; x_wconf 80' lang='lat' dir='ltr'>progressus</span> <span class='ocrx_word' id='word_1_291' title='bbox 789 3910 828 3970; x_wconf 80' lang='lat' dir='ltr'>ed</span> <span class='ocrx_word' id='word_1_292' title='bbox 846 3922 931 3972; x_wconf 80' lang='lat' dir='ltr'>certa</span> <span class='ocrx_word' id='word_1_293' title='bbox 948 3921 1089 3994; x_wconf 82' lang='lat' dir='ltr'>tempore</span> <span class='ocrx_word' id='word_1_294' title='bbox 1105 3931 1252 3974; x_wconf 84' lang='lat' dir='ltr'>revocare</span> <span class='ocrx_word' id='word_1_295' title='bbox 1274 3908 1382 3973; x_wconf 82' lang='lat' dir='ltr'>cleris·</span> 
     </span>
     <span class='ocr_line' id='line_1_37' title="bbox 233 4001 1380 4092; baseline 0.003 -25"><span class='ocrx_word' id='word_1_296' title='bbox 233 4015 299 4088; x_wconf 75' lang='lat' dir='ltr'>&#39;que</span> <span class='ocrx_word' id='word_1_297' title='bbox 331 4001 510 4069; x_wconf 88' lang='lat' dir='ltr'>nominibus</span> <span class='ocrx_word' id='word_1_298' title='bbox 546 4007 715 4092; x_wconf 82' lang='lat' dir='ltr'>adjungere</span> <span class='ocrx_word' id='word_1_299' title='bbox 745 4007 900 4072; x_wconf 70' lang='lat' dir='ltr'>laborent.</span> <span class='ocrx_word' id='word_1_300' title='bbox 952 4007 1159 4072; x_wconf 82' lang='lat' dir='ltr'>Statuendum</span> <span class='ocrx_word' id='word_1_301' title='bbox 1191 4006 1284 4092; x_wconf 80' lang='lat' dir='ltr'>igitur</span> <span class='ocrx_word' id='word_1_302' title='bbox 1311 4005 1380 4082; x_wconf 88' lang='lat' dir='ltr'>erit,</span> 
     </span>
     <span class='ocr_line' id='line_1_38' title="bbox 233 4097 1383 4196; baseline 0.005 -32"><span class='ocrx_word' id='word_1_303' title='bbox 233 4099 298 4164; x_wconf 74' lang='lat' dir='ltr'>isto</span> <span class='ocrx_word' id='word_1_304' title='bbox 318 4097 458 4166; x_wconf 88' lang='lat' dir='ltr'>Euclidis</span> <span class='ocrx_word' id='word_1_305' title='bbox 475 4103 601 4168; x_wconf 83' lang='lat' dir='ltr'>decreto</span> <span class='ocrx_word' id='word_1_306' title='bbox 616 4101 691 4168; x_wconf 91' lang='lat' dir='ltr'>nibil</span> <span class='ocrx_word' id='word_1_307' title='bbox 711 4101 795 4168; x_wconf 81' lang='lat' dir='ltr'>aliud</span> <span class='ocrx_word' id='word_1_308' title='bbox 809 4103 905 4196; x_wconf 82' lang='lat' dir='ltr'>luisse</span> <span class='ocrx_word' id='word_1_309' title='bbox 920 4118 1115 4185; x_wconf 89' lang='lat' dir='ltr'>contentum,</span> <span class='ocrx_word' id='word_1_310' title='bbox 1131 4105 1190 4171; x_wconf 86' lang='lat' dir='ltr'>nisi</span> <span class='ocrx_word' id='word_1_311' title='bbox 1208 4120 1243 4171; x_wconf 86' lang='lat' dir='ltr'>ut</span> <span class='ocrx_word' id='word_1_312' title='bbox 1260 4103 1383 4170; x_wconf 77' lang='lat' dir='ltr'>lonicae</span> 
     </span>
     <span class='ocr_line' id='line_1_39' title="bbox 236 4195 1383 4284; baseline 0.007 -24"><span class='ocrx_word' id='word_1_313' title='bbox 236 4197 343 4262; x_wconf 81' lang='lat' dir='ltr'>literss</span> <span class='ocrx_word' id='word_1_314' title='bbox 375 4198 409 4262; x_wconf 86' lang='lat' dir='ltr'>in</span> <span class='ocrx_word' id='word_1_315' title='bbox 442 4195 576 4284; x_wconf 86' lang='lat' dir='ltr'>publicis</span> <span class='ocrx_word' id='word_1_316' title='bbox 606 4201 818 4267; x_wconf 84' lang='lat' dir='ltr'>monumentis</span> <span class='ocrx_word' id='word_1_317' title='bbox 850 4201 1056 4269; x_wconf 87' lang='lat' dir='ltr'>inscribendis</span> <span class='ocrx_word' id='word_1_318' title='bbox 1090 4203 1235 4270; x_wconf 75' lang='lat' dir='ltr'>adbibere</span> <span class='ocrx_word' id='word_1_319' title='bbox 1260 4201 1383 4268; x_wconf 85' lang='lat' dir='ltr'>liceret.</span> 
     </span>
     <span class='ocr_line' id='line_1_40' title="bbox 241 4293 1384 4389; baseline 0.008 -30"><span class='ocrx_word' id='word_1_320' title='bbox 241 4293 356 4380; x_wconf 89' lang='lat' dir='ltr'>Neque</span> <span class='ocrx_word' id='word_1_321' title='bbox 374 4310 478 4387; x_wconf 81' lang='lat' dir='ltr'>temen</span> <span class='ocrx_word' id='word_1_322' title='bbox 500 4321 605 4365; x_wconf 82' lang='lat' dir='ltr'>esrum</span> <span class='ocrx_word' id='word_1_323' title='bbox 628 4325 702 4366; x_wconf 90' lang='lat' dir='ltr'>usus</span> <span class='ocrx_word' id='word_1_324' title='bbox 721 4300 765 4365; x_wconf 91' lang='lat' dir='ltr'>sic</span> <span class='ocrx_word' id='word_1_325' title='bbox 788 4301 891 4367; x_wconf 80' lang='lat' dir='ltr'>stetim</span> <span class='ocrx_word' id='word_1_326' title='bbox 919 4305 1003 4389; x_wconf 82' lang='lat' dir='ltr'>apud</span> <span class='ocrx_word' id='word_1_327' title='bbox 1028 4326 1137 4369; x_wconf 88' lang='lat' dir='ltr'>omnes</span> <span class='ocrx_word' id='word_1_328' title='bbox 1159 4313 1305 4388; x_wconf 85' lang='lat' dir='ltr'>receptus</span> <span class='ocrx_word' id='word_1_329' title='bbox 1319 4313 1384 4380; x_wconf 78' lang='lat' dir='ltr'>est,</span> 
     </span>
     <span class='ocr_line' id='line_1_41' title="bbox 240 4392 1386 4486; baseline 0.008 -30"><span class='ocrx_word' id='word_1_330' title='bbox 240 4392 395 4478; x_wconf 74' lang='lat' dir='ltr'>siqtn&#39;denr</span> <span class='ocrx_word' id='word_1_331' title='bbox 425 4393 597 4464; x_wconf 68' lang='lat' dir='ltr'>Percennius</span> <span class='ocrx_word' id='word_1_332' title='bbox 623 4397 859 4486; x_wconf 76' lang='lat' dir='ltr'>imcriptionem</span> <span class='ocrx_word' id='word_1_333' title='bbox 886 4399 1001 4468; x_wconf 81' lang='lat' dir='ltr'>Atticis</span> <span class='ocrx_word' id='word_1_334' title='bbox 1031 4401 1128 4468; x_wconf 81' lang='lat' dir='ltr'>literis</span> <span class='ocrx_word' id='word_1_335' title='bbox 1157 4405 1271 4468; x_wconf 77' lang='lat' dir='ltr'>lecum</span> <span class='ocrx_word' id='word_1_336' title='bbox 1295 4423 1386 4466; x_wconf 85' lang='lat' dir='ltr'>com·</span> 
     </span>
     <span class='ocr_line' id='line_1_42' title="bbox 241 4489 1385 4595; baseline 0.01 -39"><span class='ocrx_word' id='word_1_337' title='bbox 241 4508 405 4575; x_wconf 85' lang='lat' dir='ltr'>memoret,</span> <span class='ocrx_word' id='word_1_338' title='bbox 431 4519 501 4582; x_wconf 74' lang='lat' dir='ltr'>qun</span> <span class='ocrx_word' id='word_1_339' title='bbox 520 4517 636 4568; x_wconf 81' lang='lat' dir='ltr'>nomen</span> <span class='ocrx_word' id='word_1_340' title='bbox 658 4498 822 4566; x_wconf 78' lang='lat' dir='ltr'>meitelis</span> <span class='ocrx_word' id='word_1_341' title='bbox 840 4499 1032 4569; x_wconf 70' lang='lat' dir='ltr'>continueret:</span> <span class='ocrx_word' id='word_1_342' title='bbox 1060 4499 1262 4595; x_wconf 73' lang='grc' dir='ltr'>Γέγραπται</span> <span class='ocrx_word' id='word_1_343' title='bbox 1278 4489 1313 4568; x_wconf 75' lang='lat' dir='ltr'>dd</span> <span class='ocrx_word' id='word_1_344' title='bbox 1329 4493 1385 4567; x_wconf 83' lang='lat' dir='ltr'>e&#39;rrl</span> 
     </span>
    </p>
   </div>
   <div class='ocr_carea' id='block_1_3' title="bbox 0 0 1637 5104">
    <p class='ocr_par' dir='ltr' id='par_1_6' title="bbox 0 0 1637 5104">
     <span class='ocr_line' id='line_1_43' title="bbox 0 0 1637 5104; baseline 0 0"><span class='ocrx_word' id='word_1_345' title='bbox 0 0 1637 5104; x_wconf 95' lang='lat' dir='ltr'> </span> 
     </span>
    </p>
   </div>
  </div>
 </body>
</html>
