3196 5100
228 397 353 462 ln‘scn.
376 385 425 480 l.]
789 395 857 456 221

228 565 415 642 Numeros
432 563 575 661 aliquos
589 563 632 656 (t
651 561 733 635 dico
754 573 793 636 et
811 562 841 657 Ι)
860 583 958 636 nunc
976 561 1080 658 quasi
1097 561 1220 637 literas
1243 562 1426 652 babuisse,

228 707 267 790 et
296 695 449 796 singulis
479 718 583 768 suum
613 693 731 766 locum
767 692 935 767 tribuisse
966 692 1147 781 videntur,
1177 717 1276 768 nunc
1306 703 1425 768 autem

229 828 370 902 duobus
388 826 561 913 tribusve,
580 825 637 898 vel
654 823 763 898 etiam
789 835 958 923 quatuor,
986 847 1061 898 non
1088 823 1156 898 nisi
1184 825 1294 910 unius
1313 823 1426 898 litere

228 957 348 1030 locum
363 956 517 1029 dedisse.
562 954 746 1030 Praeterea
761 956 914 1029 eandem
932 977 1007 1030 rem
1026 955 1123 1028 baud
1139 977 1285 1052 semper
1299 953 1425 1028 eodem

230 1091 337 1166 modo
354 1090 546 1186 scripsere.
578 1091 703 1186 Χρυσίς
720 1087 875 1186 exempli
891 1087 1021 1186 gratia,
1039 1091 1167 1186 Χρυσίς
1190 1095 1220 1176 1,
1244 1101 1282 1161 et
1303 1087 1427 1184 Χρυσίς

227 1223 286 1305 μία
308 1221 461 1295 eundem
487 1244 563 1295 rem
584 1221 770 1306 denotant,
798 1220 895 1316 quod
920 1218 1054 1292 dictum
1081 1230 1169 1317 putu
1194 1221 1241 1292 de
1265 1214 1427 1317 Χρυσίδα,

233 1351 381 1452 Χρυσίδα
406 1361 454 1444 11,
489 1365 527 1428 et
554 1349 700 1453 Χρυσίδα
728 1348 795 1426 δία.
842 1353 1025 1428 Praeterea
1055 1377 1154 1436 nunc
1180 1359 1295 1442 ταῦτα,
1329 1376 1426 1428 nunc

231 1517 319 1558 τοτα
351 1493 389 1558 et
422 1483 552 1557 similia
585 1482 777 1570 dicebant;
824 1505 921 1556 nunc
955 1484 1099 1582 αρανῆφ,
1133 1506 1232 1557 nunc
1263 1485 1426 1582 πραναίφς

230 1616 372 1690 literam
390 1649 416 1714 χ
435 1615 473 1688 in
490 1613 748 1712 praepositione
773 1612 948 1712 ξαν(χαυα)
966 1613 1161 1712 aliquando
1179 1613 1428 1715 negligebant.

231 1743 324 1818 Hoec
340 1753 461 1817 autem
488 1741 610 1817 omnia
630 1745 727 1838 (cum
754 1742 849 1816 idem
878 1742 1064 1816 literarum
1094 1766 1265 1819 numerus
1291 1743 1329 1820 in
1353 1769 1429 1820 our·

232 1873 342 1960 nibus
362 1871 468 1946 lineis
485 1871 700 1971 injiciendus
717 1869 779 1964 sit)
798 1882 951 1970 quantas
977 1873 1066 1964 dent
1083 1873 1216 1960 turbas,
1227 1873 1324 1947 baud
1340 1896 1430 1970 opus

232 2009 289 2076 est
318 2002 451 2075 dicere.
503 2000 688 2074 Praeterea
720 1999 864 2096 plurimi
889 2023 1030 2074 errores
1056 1999 1278 2097 sculptorum
1308 1999 1430 2074 iubis

233 2131 472 2206 marmoribus
507 2130 750 2228 reperiuntur.
805 2129 848 2202 in
878 2137 982 2225 parte
1007 2128 1169 2202 secunda
1198 2129 1306 2230 bajus
1336 2150 1429 2204 mar-

233 2258 344 2340 moris
362 2259 497 2358 (1.25.)
521 2256 633 2334 rerba
648 2258 799 2344 σταθμόν
823 2258 954 2329 τούτων
969 2253 1184 2330 omittuntur
1193 2284 1207 2344 ς
1240 2269 1278 2330 et
1295 2258 1324 2332 si
1343 2257 1430 2332 fides

234 2389 460 2475 Cbandlero,
489 2420 594 2472 sama
624 2410 689 2484 pro
712 2392 825 2473 ταμίαι
853 2384 964 2482 (1.2.)
994 2395 1031 2456 et
1058 2387 1089 2458 oi
1116 2407 1186 2481 pro
1212 2386 1260 2464 ὁῑς
1287 2387 1327 2483 (i.
1352 2386 1429 2480 32.)

233 2520 413 2594 scribitur.
467 2517 511 2590 ln
548 2540 725 2591 marmore
756 2515 931 2603 secundo,
958 2517 1087 2589 αταθόα
1115 2539 1183 2613 pro
1206 2516 1370 2604 σταθμία,
1394 2532 1431 2593 et

136 2737 143 2752 ·
232 2648 373 2734 Ἀθαναία
390 2671 457 2744 pro
472 2646 644 2730 Ἀθηναίας
663 2645 823 2740 ponitur.
879 2645 948 2718 Vix
974 2669 1064 2748 ergo
1092 2647 1291 2724 mirandum
1320 2662 1377 2726 est
1395 2653 1429 2726 si

234 2775 299 2850 ubi
317 2777 431 2876 major
446 2801 530 2874 pars
553 2775 661 2850 lineae
687 2777 801 2862 deest,
825 2799 910 2874 quae
928 2778 1060 2851 desunt
1077 2780 1125 2852 ud
1151 2779 1320 2852 amussim
1348 2807 1430 2880 sup

233 2908 335 3006 plere
366 2931 602 3007 nequeamus,
644 2906 844 3004 praesertim
882 2907 946 2982 ubi
979 2909 1058 3005 ipsa
1100 2935 1278 2986 marmora
1311 2914 1433 2990 videre

234 3037 331 3111 haud
360 3036 559 3136 contingat,
581 3057 673 3108 *cum
706 3035 741 3107 in
777 3035 997 3137 apographis
1035 3037 1146 3112 multa
1183 3041 1313 3115 menda
1335 3067 1432 3140 saepe

235 3169 357 3244 insint.
409 3167 651 3251 Cbandlerus,
669 3161 831 3264 exempli
844 3167 975 3274 gratia,
1002 3167 1039 3240 in
1067 3171 1136 3244 boc
1157 3171 1233 3268 ipso
1257 3194 1432 3244 marmore

237 3294 296 3392 (P.
314 3295 367 3367 11.
393 3297 418 3370 Ι.
436 3293 493 3369 16.
520 3294 653 3386 etat.)
682 3319 806 3370 vocem
833 3269 949 3382 ταμίαι
979 3299 1030 3372 itu
1055 3300 1177 3396 posuit
1198 3310 1239 3373 ut
1267 3301 1319 3398 (id
1337 3299 1430 3398 qnod

234 3447 379 3520 semper
397 3423 474 3521 bat)
492 3449 607 3499 novus
633 3425 818 3524 catalogus
843 3447 866 3496 a
889 3450 983 3502 nora
1007 3428 1104 3502 linea
1129 3429 1241 3504 ordiri
1266 3440 1432 3530 nequeat.
1521 3471 1529 3484 ·

234 3557 319 3658 Ego
337 3555 373 3628 in
401 3557 600 3654 supplendo
630 3555 720 3630 nibil
749 3555 864 3628 ferec
888 3559 1098 3660 conjectura
1125 3561 1248 3662 injeci,
1273 3562 1337 3638 scd
1362 3557 1434 3632 ulia

233 3689 386 3765 aliorum
406 3712 475 3786 ope
492 3687 664 3787 supplevi.
718 3684 826 3776 Quod
843 3689 953 3762 semel
970 3690 1110 3800 dictum·
1128 3692 1215 3767 satis
1241 3693 1299 3768 sit.
1346 3693 1435 3767 Om-

235 3821 297 3894 nia
314 3822 412 3896 enirn
430 3819 681 3917 supplementa
694 3817 791 3889 unde
805 3796 967 3894 hauriam
984 3820 1144 3898 indicere
1161 3824 1312 3926 longum
1330 3833 1435 3898 esset.

236 3947 345 4039 Quod
378 3946 535 4046 primurn
565 3945 714 4030 ἀνάθημα
746 3943 886 4036 attinet,
918 3949 1074 4050 exempli
1104 3954 1235 4052 gratia,
1269 3953 1305 4024 in
1336 3949 1378 4025 P.
1402 3951 1435 4024 l.
1551 3977 1552 3992 ¹

235 4080 316 4154 Cat.
336 4094 368 4154 1.
395 4081 574 4180 reliquum
598 4088 654 4151 est
674 4085 814 4150 tanturn
834 4075 1051 4160 ΧΙἚΙΔΔΔΔ
1063 4109 1074 4170 ;
1111 4083 1150 4156 in
1181 4083 1226 4158 P.
1240 4081 1269 4156 Ι.
1299 4079 1422 4158 Canu
1549 4041 1551 4135 i

234 4211 383 4285 omnino
401 4213 522 4300 deest3
551 4212 586 4284 in
614 4207 654 4280 P.
673 4208 702 4281 Ι.
730 4209 857 4282 Cata.
880 4208 1035 4307 tegimus
1060 4211 1164 4281 ΤΡΕ.
1179 4209 1432 4280 ΣΤΑΘΜΟΝ
1547 4229 1548 4279 t

235 4335 789 4425 ΤΟΥΤΟΝ....ΔΔΔΔΗ·..;
823 4337 861 4409 in
880 4337 922 4410 P.
941 4335 971 4414 I.
997 4343 1267 4416 crustatum
1287 4340 1436 4423 ἀνάθημα

236 4467 348 4542 deest.
401 4468 444 4541 ln
474 4467 514 4542 P.
536 4466 588 4542 11.
606 4467 688 4543 Cat.
708 4462 1435 4566 r.1egr·mus0ttxxffluuuutrrr,in
