3196 5100
120 441 233 506 Sacr-
257 432 314 514 ll.]
477 413 482 425 ¹
545 446 880 502 rnouraousnn.
1225 425 1291 488 215

121 587 167 713 afr
195 611 338 702 Αθηναῖᾳ
372 609 417 679 τὰ
446 593 620 706 τρισχίλια
650 607 802 680 τάλαντα
834 602 1065 696 ἀνενήνογκται
1099 599 1131 674 ἒς·
1150 599 1297 672 'adhud

121 747 314 844 ἐψήφιστο.
376 743 482 817 Hanc
523 743 725 841 pecuniam,
763 753 803 815 ut
833 765 880 815 ex
913 740 1033 811 eadem
1068 735 1298 832 inscriptione

121 877 307 962 discimus,
335 876 540 967 Quaestores
575 899 646 950 non
683 873 751 946 nisi
791 869 975 946 Plebisciti
1008 867 1228 940 auctoritate
1256 887 1301 938 ex

123 1006 253 1082 erario
280 1004 441 1078 emisere.
1065 1085 1070 1094 Ι

194 1135 329 1210 Paucis
338 1135 415 1235 jam
427 1135 630 1220 dicendum,
653 1158 741 1232 quos
758 1135 943 1208 thesauros
961 1131 1122 1204 Deorum
1140 1131 1301 1226 proprios

122 1268 336 1359 Quaeetores
362 1267 631 1342 custodiverint.
687 1271 803 1367 Agros
830 1265 1022 1364 aliquando
1050 1263 1302 1337 frumentarios

120 1405 158 1476 in
184 1425 294 1476 usum
320 1401 479 1475 Deorum
507 1425 690 1475 sacmvere
713 1401 775 1500 qui
791 1403 923 1498 pietate
947 1401 1032 1473 clari
1051 1398 1126 1472 lieri
1149 1399 1303 1488 voluere,

120 1539 218 1634 quod
234 1536 274 1609 in
289 1537 517 1610 Delofecisse
529 1537 674 1611 Niciam
690 1549 841 1613 testatur
852 1537 1064 1610 Plutarchus
1077 1535 1099 1605 ¹.
1145 1531 1305 1631 Singulis

124 1669 202 1742 Diis
228 1667 316 1740 data
336 1691 414 1742 esse
437 1665 643 1764 arvipendia
667 1679 867 1742 auctorest
890 1667 1152 1764 Harpocration
1163 1667 1189 1737 ⁹.
1235 1664 1306 1739 vix

122 1821 213 1893 opus
252 1809 307 1869 est
340 1810 378 1871 ut
411 1796 567 1872 decimas
598 1799 783 1895 praediales
813 1795 1018 1873 memorem.
1073 1796 1113 1869 Si
1146 1794 1306 1894 Diogeni

124 1928 275 2004 laertio
294 1928 380 2004 tides
398 1930 620 2012 adhibeatur,
639 1929 720 2027 lege
737 1929 876 2002 Solonis
896 1925 1028 2027 singuli
1048 1927 1306 2000 Athenienses³

123 2059 287 2133 decimas
309 2059 453 2154 frugum
478 2057 516 2127 in
536 2081 638 2129 usum
662 2057 820 2129 Deorum
844 2057 1067 2150 separabant.
1120 2057 1191 2128 Sed
1215 2080 1308 2151 prae·
1428 2123 1433 2138 ,

124 2201 231 2264 terea
258 2186 337 2258 aliae
363 2185 511 2257 decimae
539 2207 584 2255 ex
611 2183 716 2255 rebus
743 2183 836 2256 bello
860 2183 983 2278 partis,
1011 2207 1060 2253 ex
1084 2186 1308 2284 vectigalium
1356 2165 1360 2182 ¹

126 2315 382 2413 proventibus,
398 2337 443 2386 ex
458 2311 560 2386 bonis
579 2311 666 2386 fisco
686 2311 815 2384 additis
834 2320 871 2384 et
883 2309 1081 2407 publicatis,
1097 2312 1177 2384 Diis
1195 2339 1310 2387 sacra-

130 2443 303 2526 bantur‘.

210 2577 320 2668 Quod
334 2576 490 2650 decimas
505 2601 528 2649 a
545 2579 651 2652 rebus
669 2579 763 2653 bello
780 2581 890 2677 partis
905 2577 1155 2678 pmvenientes
1172 2579 1310 2668 attinet,
1327 2625 1331 2636 ·
1351 2599 1356 2610 ·

129 2707 297 2804 exempla
323 2708 456 2807 ubique
484 2714 706 2786 occurrunt⁵.
759 2714 917 2815 insignis
942 2715 1040 2788 locus
1068 2726 1123 2788 est
1147 2714 1184 2786 in
1208 2711 1311 2786 Thu-

133 2841 291 2942 cydide⁶
315 2843 375 2916 ubi
393 2869 482 2942 agro
508 2845 719 2944 Mitylenaeo
743 2851 778 2920 in
804 2849 872 2920 tria
892 2849 998 2920 millia
1017 2852 1170 2946 partium
1189 2847 1310 2936 diviso,

135 2988 309 3054 trecente
348 2979 509 3050 Deorum
544 2977 581 3048 in
618 3003 719 3050 usum
751 2979 876 3049 dicatae
906 2989 998 3052 sunt
1049 2983 1184 3054 Palladi
1220 3006 1313 3076 saepe

136 3106 316 3205 ejusmodi
333 3104 487 3176 decimes
504 3103 664 3176 detulere
683 3104 924 3178 Athenienses
933 3106 958 3176 ⁷.
1012 3108 1179 3181 Decimae
1196 3117 1315 3180 autem

136 3261 181 3314 ex
194 3239 277 3312 auri
287 3237 500 3336 argentique
514 3236 644 3311 fodinis
659 3238 739 3311 Diis
752 3239 899 3313 Graecos
910 3265 1069 3316 sacrasse
1079 3267 1124 3316 ex
1133 3242 1317 3316 Herodoto

137 3385 239 3471 patet
250 3374 274 3444 ⁸.
317 3373 504 3445 Postremo
522 3372 678 3447 decimas
701 3399 722 3448 e
742 3375 845 3450 bonis
864 3377 1104 3453 maleficorum
1129 3378 1317 3476 publicatis
1372 3407 1375 3414 ¹

140 3503 223 3578 Diis
254 3503 349 3599 apud
380 3504 618 3577 Athenienses
651 3507 748 3580 datas
781 3533 860 3581 esse
891 3519 1041 3585 testatur
1074 3511 1281 3607 Xenophon
1292 3511 1318 3578 ⁹.

178 3699 189 3730 ¹
212 3699 289 3758 Plut.
304 3701 364 3759 vit.
385 3701 450 3759 Nic.
491 3701 536 3760 De
557 3721 624 3776 agro
638 3704 707 3762 Scil·
794 3707 805 3739 ⁵
826 3705 872 3766 Cf.
889 3707 992 3783 Spauh.
1009 3708 1085 3766 Diss.
1105 3710 1158 3767 lX.
1172 3710 1206 3767 de
1224 3715 1318 3786 ppaest.

144 3791 236 3854 luuteo
250 3815 268 3852 a
282 3795 464 3871 Xenophonte
483 3796 583 3856 Dianae
601 3811 709 3861 sacrato
758 3803 846 3861 Num.
857 3823 885 3880 p.
899 3801 968 3872 669.
989 3817 1017 3861 st
1030 3805 1065 3863 ad
1079 3805 1183 3864 Julian.
1199 3803 1279 3863 Orat.
1296 3804 1319 3860 Ι.

146 3897 325 3952 resnotaest.
340 3889 411 3949 Xen.
425 3892 516 3948 Anah.
533 3891 569 3949 V.
584 3897 612 3952 3.
629 3899 656 3954 3.
759 3919 787 3973 p.
799 3903 864 3959 218.
907 3897 1012 3956 Hemd.
1029 3899 1052 3957 Ι.
1068 3906 1114 3967 89.
1149 3899 1233 3975 Epig.
1247 3899 1319 3973 apud

186 3985 200 4022 ³
221 3987 348 4063 Harpoc:
359 4008 425 4048 voce
438 3991 708 4063 Ἀπομισθωμάτων.
761 3997 879 4053 Pausau.
895 3995 933 4054 V.
950 4001 996 4056 10.

186 4081 197 4111 ³
218 4083 264 4141 Cf.
274 4079 357 4162 Diog.
371 4085 462 4144 Laert.
476 4087 503 4142 in
515 4086 609 4148 Solon.
621 4109 649 4151 n.
661 4097 707 4152 53.
798 4086 809 4118 ⁰
828 4089 956 4167 'lhucyd
970 4089 1025 4147 lll.
1040 4094 1087 4146 50.

150 4181 177 4228 et
195 4173 286 4252 Biagi.
309 4179 388 4236 Mon.
403 4179 525 4239 Nanian.
538 4180 622 4242 Torn.
638 4184 661 4243 l.
682 4205 708 4260 p.
797 4181 808 4214 ⁷
828 4185 872 4242 Cf.
886 4185 1035 4245 Demosth.
1047 4205 1072 4244 c.
1082 4184 1319 4260 Timocr.p.412.
1340 4203 1344 4212 ’

151 4271 219 4330 210.
759 4280 812 4352 (ed.
826 4281 953 4358 Taylor.)
967 4281 1069 4340 Hemd.
1085 4281 1123 4339 V.

186 4363 264 4428 ‘Ch
299 4369 381 4448 Epig.
412 4375 484 4450 apud
512 4377 626 4438 Diodor.
654 4377 708 4437 Xl.
799 4376 1321 4458 ⁸Herod.lll.57.ubicf.wesseling.

33 4479 38 4494 .
155 4455 268 4526 Pausan,
289 4463 327 4524 V.
351 4476 398 4531 10.
423 4479 450 4530 st
472 4473 561 4548 ipsum
584 4475 710 4550 Xenoph.
763 4475 936 4534 PausautX.
952 4483 998 4534 11.
1040 4477 1114 4539 Suid.
1130 4481 1323 4560 roclepnn.

157 4551 243 4614 Anah.
257 4557 296 4618 V.
310 4565 338 4622 3.
352 4569 380 4622 5.
802 4558 813 4602 ⁹
834 4571 906 4630 Xen.
923 4571 997 4630 Heli.
1014 4573 1035 4632 l.
1051 4581 1079 4640 7.
1092 4573 1120 4632 6.
