3188 5102
169 371 282 432 risen,
309 349 372 426 11.]
702 347 792 437 ’319

228 528 395 623 Antiqua
433 529 514 626 loge
559 528 700 602 Solonis
738 539 884 602 cnutum
926 541 1005 604 oret
1038 552 1085 604 ne
1117 533 1201 629 quis
1244 535 1348 632 cujus

161 657 302 730 irmiliae
325 661 527 755 sepulcrum
546 659 705 748 violaret,
734 668 912 732 mortuum
934 684 981 733 ex
1008 661 1078 734 aiis
1107 665 1273 759 quapiam
1292 666 1348 738 fn·

159 784 250 855 nilis
306 785 532 862 inferendo¹.
603 787 721 878 Quem
764 809 910 875 morem,
954 788 1023 860 nisi
1068 790 1183 878 fallor,
1226 789 1350 888 tetigit

157 913 421 1010 Thucydides²
452 919 689 1016 ἀναισχύντους
721 918 822 1004 θήκας
851 919 993 992 dicens.
1043 920 1213 996 infinitus
1245 945 1351 1018 paene

154 1065 329 1117 numerus
350 1044 627 1141 inscriptionum
652 1070 674 1118 e
695 1044 794 1120 Soris
813 1047 850 1119 in
874 1047 972 1120 omni
1000 1060 1102 1144 porte
1129 1048 1285 1123 Graeciae
1314 1060 1352 1122 et

152 1173 265 1262 Asiae,
300 1177 397 1273 quod
440 1177 554 1262 aiunt,
591 1177 748 1249 Minoris
787 1179 1044 1274 descriptorum
1085 1179 1193 1252 hodie
1239 1188 1350 1266 extat,

150 1305 290 1400 quibus
318 1307 443 1376 eodem
474 1307 578 1377 modo
610 1329 683 1404 quo
715 1306 751 1377 in
778 1317 901 1384 nostra
928 1314 1145 1406 προστὶμημα
1172 1307 1352 1404 quoddam

147 1433 282 1505 tumuli
309 1433 540 1506 violatoribus
566 1435 849 1507 denunciatur³.

225 1562 404 1636 Nostram
452 1565 723 1660 inscriptionem
766 1561 943 1635 Telmessi
990 1563 1130 1637 invenit
1171 1561 1349 1635 Clarkius.

148 1695 341 1770 Porsonus
382 1697 514 1770 formos
556 1696 739 1770 literarum
781 1695 981 1790 respiciens
1018 1704 1104 1765 ante
1137 1692 1283 1790 Olymp.
1316 1717 1352 1766 c.

149 1828 327 1922 scriptam
352 1852 430 1900 esse
449 1829 637 1927 judicavit.
689 1823 790 1900 idem
817 1836 998 1924 postrema
1023 1827 1135 1900 verbs
1159 1824 1209 1897 in
1231 1823 1353 1898 vertit.

149 1955 207 2029 Et
230 1953 539 2029 Telmessensium
561 1957 692 2029 aernrio
712 1957 916 2052 quindecim
937 1955 1131 2030 drachmas
1154 1954 1351 2053 quotannis

153 2085 289 2157 solvat.
1381 2059 1386 2072 Α

235 2213 278 2284 L.
310 2228 342 2284 1.
394 2205 515 2299 'Etim'
552 2215 572 2298 ἡ
617 2219 667 2286 καὶ
699 2212 858 2312 ‘Appon
913 2214 999 2284 Duo
1042 2215 1191 2286 nomina
1233 2213 1352 2288 eidem

154 2341 299 2417 mulieri
327 2341 546 2414 tribuuntur.
601 2343 656 2414 lta
679 2341 716 2412 in
742 2341 976 2436 inscriptione
999 2342 1094 2444 opud
1122 2341 1318 2416 Gruterum
1328 2347 1355 2415 ⁴.

462 2476 610 2545 Φλαουία
634 2466 843 2566 Σιροιῖανδρα
869 2469 889 2551 ἡ
915 2478 968 2540 κα1

457 2602 696 2697 Ἀγρῖππεινω

236 2735 329 2824 Qure
356 2756 414 2804 res
438 2731 586 2803 omnino
610 2727 960 2834 'Montfauconium‘
984 2728 1125 2805 fefellit.
1220 2769 1226 2780 ·

199 2964 208 2996 ¹
232 2959 278 3016 Cf.
306 2957 389 3016 Petit.
417 2957 485 3032 Leg.
514 2959 575 3014 Att.
605 2975 632 3029 p.
663 2957 731 3022 593.
784 2955 841 3010 No.
856 2960 904 3012 23.
929 2953 1355 3033 Chondler.1nsrr.Ast.p.a.

159 3055 225 3112 Cic.
250 3053 284 3109 de
309 3053 377 3125 Leg.
403 3069 443 3110 ιι.
466 3047 515 3107 26.
556 3049 628 3106 Gori
652 3048 731 3105 Mus.
784 3052 936 3115 5.11.27.
959 3048 1127 3108 Mati-Mus.
1141 3051 1247 3109 Veron.
1260 3071 1288 3126 p.
1302 3057 1355 3119 59.

159 3151 209 3208 Et.
225 3165 249 3206 1.
265 3166 292 3221 p.
306 3144 377 3204 265.
421 3143 544 3201 Fabretti
560 3159 599 3198 11.
619 3161 647 3216 p.
665 3146 731 3207 109.
784 3141 917 3198 Pneiaud.
958 3143 1038 3202 Mon.
1080 3143 1176 3219 Pelop.
1216 3146 1240 3207 1.
1283 3151 1355 3214 197.

159 3241 247 3316 Spon.
266 3237 351 3295 Misc.
368 3241 391 3307 ξ.
407 3255 440 3294 X.
465 3255 492 3310 p.
507 3232 576 3295 346.
782 3240 878 3312 (quem
908 3239 942 3295 de
970 3237 1014 3295 his
1045 3242 1277 3321 προστιμήμασιν
1311 3241 1355 3298 vi·

200 3333 366 3408 ²Thucyd.
381 3350 422 3390 11.
438 3321 485 3389 52.
782 3331 871 3403 deas.)
896 3331 1002 3390 Montf.
1029 3333 1113 3394 Dior.
1140 3334 1205 3394 Ital.
1229 3355 1257 3409 p.
1282 3341 1353 3395 424.

200 3424 280 3485 ’(31.
302 3423 399 3482 Clark.
418 3425 502 3483 Tom.
528 3442 584 3482 111.
604 3444 635 3510 p.
662 3430 730 3491 199.
782 3426 923 3484 Murotor.
988 3425 1076 3484 Thes.
1128 3446 1164 3500 p.
1228 3445 1349 3485 cccxx.

159 3530 233 3583 201.
274 3520 416 3581 Besusort.
441 3522 594 3580 caraman.
616 3541 645 3596 p.
660 3527 730 3580 224.
783 3535 1353 3578 ucnnxvrrrnrccnxxxvrr.rrum.

158 3618 207 3676 ubi
233 3615 293 3688 legs
322 3619 350 3672 in
374 3615 474 3672 ultime
498 3623 576 3691 parte
602 3615 730 3672 ΔΩΣΕΙ
783 3630 991 3671 ιιιιιιιιιιιιι.
1012 3613 1125 3670 Gruter.
1140 3631 1168 3686 p.
1186 3630 1351 3672 nccxmx.

158 3713 215 3771 ΤΩ
237 3711 375 3770 ΦΙΟΚΩ.
419 3709 555 3786 Walpole,
574 3711 599 3767 1.
617 3730 645 3785 p.
660 3706 730 3770 563.
780 3709 890 3768 Multas
916 3708 1075 3784 hujusmodi
1101 3709 1293 3783 inscriptiones
1321 3711 1350 3768 in

159 3804 303 3864 Chishull.
325 3805 391 3862 ltin.
411 3805 468 3878 (ed.
492 3806 592 3876 1747.)
611 3823 656 3878 pp.
681 3812 728 3861 ll.
779 3801 889 3860 Morm.
903 3801 1000 3859 Oxon.
1013 3809 1041 3856 et
1053 3801 1082 3858 in
1096 3801 1249 3858 Chishullii
1266 3801 1352 3860 Itine-

159 3910 209 3961 21.
226 3906 274 3960 53.
316 3899 402 3974 Spon.
422 3900 508 3958 Misc.
530 3900 579 3957 Er.
598 3918 645 3973 pp.
661 3903 730 3969 350,
780 3898 853 3955 rnrio
863 3893 964 3954 Lector
973 3897 1098 3972 reperiet.
1120 3896 1229 3955 Multos
1243 3917 1351 3976 qnoque

159 4001 231 4054 351.
274 3991 396 4049 Wheler.
425 4011 452 4066 p.
473 3996 543 4051 233.
568 3990 647 4066 (folio
673 3992 730 4067 ed.)
780 3996 807 4052 in
821 3993 931 4052 schedis
944 3995 1084 4051 viatorum
1098 3993 1216 4052 ineditos
1226 3994 1295 4053 vidi.

160 4088 323 4168 Peyssonel.
346 4088 467 4146 Observ.
490 4088 567 4148 Hist.
590 4100 619 4146 et
638 4089 727 4166 Geog.
819 4089 830 4122 ⁴
851 4089 966 4147 Gruter.
981 4104 1198 4145 ccccxxxiv.

158 4205 188 4260 p.
198 4189 268 4248 277.
292 4181 395 4238 Smith.
407 4180 497 4239 Notit.
506 4186 537 4245 7.
559 4181 666 4248 Eccles.
676 4184 728 4240 Αι.
817 4182 1008 4242 “Montiouc
1035 4183 1116 4240 Dior.
1135 4182 1201 4242 Ital.
1223 4204 1253 4258 p.
1278 4187 1347 4246 353.

159 4282 247 4353 pls.
259 4281 364 4350 ρ.232.
375 4275 432 4352 (ubi
441 4277 479 4332 τὰ
489 4278 676 4354 προστῖμημα
687 4285 730 4334 est
780 4276 826 4335 Cf.
849 4294 957 4353 quoquo
984 4275 1106 4351 Wslpol.
1130 4277 1214 4339 Toni.
1238 4277 1277 4336 11.
1298 4297 1347 4352 pp.

159 4373 198 4429 A.
212 4371 261 4446 Φ.)
287 4371 363 4443 App.
378 4369 414 4426 od
425 4368 508 4428 rraer.
520 4369 597 4433 Gud.
609 4371 695 4430 inser.
706 4369 728 4428 1.
780 4377 849 4446 543,
872 4376 942 4432 544.
