3222 5104
670 429 905 479 arennnlx.

322 587 353 641 ll·
393 587 481 661 Hoc
496 595 576 661 enim
594 595 624 660 in
640 595 789 680 opposito
801 595 927 682 requirit
944 602 1120 660 ΣΟΜΑΤΑ
1141 605 1197 662 ΔΕ
1224 605 1355 674 ΧΘΟΝ,

317 699 419 768 cepto
438 717 570 780 sequens
593 701 739 758 TONAE
758 716 819 757 non
836 694 891 758 erit
907 682 1003 757 τόνδε
1028 697 1082 758 sed
1099 684 1213 762 τῶνδε.
1267 697 1349 761 Cum

286 795 390 852 autem
421 793 449 858 si
469 795 584 878 jungas
615 797 876 855 ΠΟΤΕῙΔΑῙΑΣ
902 797 1038 854 ΛΑΜΦΙ
1060 799 1208 872 ΠΥιΑΣ,
1237 793 1351 880 quibus

248 881 363 948 utentia
380 912 398 954 a
416 897 593 954 ΣΟΜΑΤΑ
611 888 764 974 incipiens
784 889 992 966 continuatur,
1019 889 1090 954 huic
1113 893 1151 954 ad
1170 892 1263 956 finem
1285 917 1354 956 ver-

216 1007 267 1048 sus
296 987 383 1050 deest
405 991 544 1065 verbum,
570 991 659 1074 cujus
686 986 792 1072 primae
821 987 915 1051 literae
941 999 1033 1050 emnt
1059 993 1119 1051 EL.
1171 987 1270 1072 Optio
1302 990 1353 1054 hic

214 1085 304 1148 datur
316 1081 395 1150 inter
413 1091 576 1150 ELABEN
596 1100 627 1148 et
644 1090 823 1160 ELAXEN,
849 1107 907 1148 nec
920 1083 978 1147 erit
990 1083 1165 1168 quisquam,
1182 1086 1257 1170 quin
1273 1087 1352 1152 hanc

135 1199 148 1225 ⁸
213 1185 340 1248 alteram
358 1207 481 1256 vocem,
504 1196 613 1266 utpote
629 1182 659 1244 in
675 1181 727 1244 tali
744 1205 776 1245 re
794 1181 964 1260 solennem,
990 1180 1093 1246 statim
1111 1181 1246 1268 arripiat.
1278 1182 1352 1249 Jam

215 1293 315 1344 totum
332 1281 486 1346 distichon
504 1279 561 1343 erit

286 1373 392 1468 Αίθῆρ
415 1373 474 1452 μὲν
491 1375 609 1465 ψυχάς
634 1365 830 1462 ὑπεδέξατο,
856 1371 1028 1454 σώματα
1055 1365 1095 1441 δὲ
1121 1373 1212 1466 χθαί
1221 1400 1237 1440 ν

338 1466 446 1542 Τῶνδε
473 1462 668 1542 novellatae
688 1468 724 1560 γ’
749 1469 836 1565 ἀμφί
862 1473 970 1542 πιίλας
990 1465 1194 1564 largest.

212 1576 453 1660 quocum'conf.
470 1573 642 1656 Antholog.
663 1572 765 1638 Palat.
782 1573 870 1637 Sect.
888 1595 952 1637 vir.
971 1575 1003 1640 6.
1027 1585 1053 1636 l.

287 1670 370 1736 Γαῖα
393 1665 452 1746 μὲν
476 1665 510 1737 ἐν
534 1668 669 1738 κόλποις
685 1667 834 1758 -κριίπτει
860 1660 939 1736 τόδε
963 1670 1059 1746 σῶμα
1085 1668 1266 1738 Πλάτωνος

335 1762 434 1858 Ῡνχῆ
459 1757 484 1831 δ’
506 1761 671 1838 ἀθάνατον
696 1762 793 1854 τιίξιν
817 1760 889 1858 ἔχει
910 1765 1076 1857 μακάρων.

213 1865 367 1932 Praeterea
383 1869 446 1932 duo
454 1867 579 1954 jurabit
594 1869 785 1942 observasse,
811 1867 1062 1951 orthographiam
1081 1865 1213 1930 nominis
1231 1864 1355 1931 Ποτεί-

209 1952 293 2042 δαια,
319 1979 451 2050 utroque
474 1967 548 2028 loco
561 1989 590 2026 r.
609 1964 640 2026 6.
660 1975 691 2026 et
717 1973 766 2028 10.
786 1963 938 2046 scriptum
957 1987 1029 2027 cum
1053 1990 1092 2036 er,
1121 1987 1191 2048 quae
1206 1963 1357 2049 scriptura

207 2059 238 2127 in
254 2062 409 2144 Catalogo
428 2059 612 2124 Fourmonti
629 2058 703 2122 Col.
714 2081 738 2122 1.
754 2061 775 2122 l.
788 2068 842 2122 40.
871 2066 932 2122 EM
950 2065 1199 2122 ΠΟΤΕΙΔΑΙΑΙ
1217 2061 1357 2125 recurrit.

214 2161 369 2225 Praeterea
382 2159 522 2221 firmatur
535 2155 677 2238 analogia
696 2155 840 2228 nominis,
862 2158 937 2219 urba
954 2155 1047 2234 enirn,
1073 2168 1106 2218 ut
1130 2159 1273 2219 observat
1287 2156 1360 2220 Via·

209 2273 333 2333 contus‚
350 2257 509 2339 appellata
525 2267 604 2318 esta
621 2253 782 2336 Neptuno,
801 2254 891 2338 cujus
909 2275 1023 2315 nomen
1041 2251 1197 2316 Doricum
1214 2252 1357 2318 llo-rel-

211 2343 261 2420 δαί
267 2381 283 2419 ν
309 2353 395 2417 conf.
421 2352 526 2416 Koen.
545 2354 583 2414 ad
603 2349 738 2432 Gregor.
758 2349 901 2414 Corinth.
924 2353 963 2413 de
989 2348 1140 2413 Dialecto
1163 2349 1277 2415 Don'ca
1294 2364 1358 2417 not.

211 2455 267 2518 86.
285 2449 418 2516 numinis
431 2433 706 2536 hujosauspiciia,
730 2461 763 2510 ut
781 2446 912 2527 videtur,
940 2447 1075 2512 condita.
1125 2446 1294 2533 Templum
1310 2449 1357 2512 di·

212 2566 319 2616 catum
337 2548 501 2631 Neptuno,
518 2534 747 2624 Ποσειδώνιον,
773 2544 804 2609 in
818 2545 966 2609 Potidreae
990 2545 1116 2629 regione
1133 2563 1358 2612 commemorat

212 2645 414 2730 Thucydides
434 2665 481 2709 ιν.
512 2667 544 2710 c.
561 2653 631 2717 129.
657 2656 780 2708 etcum
802 2644 983 2722 Persarum,
1007 2643 1059 2728 qui
1076 2643 1248 2709 Potidaeam
1270 2644 1357 2710 obsi-

214 2749 333 2820 derent,
361 2767 472 2827 magna
506 2768 575 2828 para
605 2742 754 2808 fluctibus
784 2741 888 2806 subito
916 2745 953 2805 ad
984 2742 1137 2806 insolitam
1165 2742 1358 2809 altitudinem

214 2845 305 2909 elatis
323 2846 466 2907 absumta
483 2855 574 2922 esset,
602 2840 634 2903 id
660 2841 840 2904 Potidaeatae
867 2839 1019 2904 accidisse
1042 2841 1188 2904 dicebant
1204 2841 1248 2904 ira
1264 2842 1298 2906 N
1301 2866 1357 2928 ep·

217 2943 293 3019 tuni,
311 2933 364 3005 ὅτι
394 2937 455 3002 τοῦ
472 2926 736 3004 Ποοαιδέιννονὲν
760 2931 821 3003 τδν
846 2931 918 3015 andr
933 2935 985 3002 rol
1012 2933 1055 3000 τδ
1077 2927 1220 3023 ἄγαλμα
1246 2933 1296 3002 ‘ro'
1320 2934 1360 3004 ἑν

214 3041 271 3127 τῷ
298 3034 536 3126 προαστείῳ
560 3029 734 3118 ἠσέβησαν
755 3027 848 3101 οὗτοι
874 3035 941 3100 τῶν
967 3030 1120 3124 Περσέων
1139 3035 1259 3100 Herod.
1273 3057 1357 3106 vui.

213 3165 245 3205 c.
263 3147 335 3211 1a9.
387 3135 479 3199 Falsa
496 3133 588 3218 igitur
605 3147 653 3198 est
671 3133 823 3218 scriptura
840 3122 1015 3212 Ποτίδαια,
1041 3133 1112 3199 licet
1130 3157 1199 3196 enm
1217 3135 1358 3200 onmium

213 3236 413 3321 scriptorum,
443 3231 496 3318 qui
522 3233 613 3320 hujus
643 3231 727 3296 urbia
758 3233 946 3296 mentionem
971 3234 1123 3310 fecerunt,
1155 3232 1236 3296 Mati
1253 3256 1361 3298 omnes

214 3346 394 3421 sequantur,
418 3354 476 3395 nec
498 3330 601 3395 minus
617 3333 918 3414 reprehendendum,
935 3332 1019 3414 quod
1034 3317 1257 3395 Ποτιδοίαταί
1274 3332 1358 3396 brevi

212 3432 396 3499 edicuntur
413 3432 497 3514 apud
514 3428 732 3512 Thucydidem
752 3428 905 3514 aliosque,
930 3428 1087 3493 scribendi
1105 3451 1218 3513 nempe
1237 3429 1357 3494 Ποτει-

250 3582 259 3612 ¹
283 3583 433 3641 Viscontus
447 3584 507 3638 haec
517 3583 558 3639 ita
571 3583 704 3640 restituit:

370 3677 461 3752 Αίθνὶρ
480 3678 531 3744 μὲν
551 3678 656 3755 ψυχας
677 3675 844 3752 ὑπεδέξατο,
866 3677 1012 3746 σιίμαπα
1033 3675 1055 3732 δ’
1075 3677 1176 3734 ιίπνον

409 3754 514 3811 Τόνδε
535 3755 704 3812 Ποτειδαίας·
724 3753 795 3830 α’μφί
816 3751 902 3810 πιίλοι
923 3753 1054 3834 ἔλαχον

211 3847 318 3904 omisso
332 3845 356 3918 γ’
371 3855 435 3903 ante
449 3849 531 3922 ἀμφί,
554 3847 625 3922 quod
643 3845 671 3900 in
690 3865 765 3901 mar·
815 3865 907 3902 sermo
920 3857 973 3902 est.
1018 3847 1059 3902 lla
1076 3857 1136 3904 tum
1155 3847 1237 3903 ὕπνοι
1251 3857 1278 3904 et
1291 3866 1363 3904 mor-

211 3944 288 3982 more
301 3943 359 3981 case
379 3925 511 3998 spondere
531 3943 655 3997 possum.
697 3925 764 3980 Pro·
815 3925 1363 3994 tuumessernrptiedurubivisdicuntur.

198 4014 295 4062 «cocat
308 4005 343 4059 ad
357 4004 571 4078 Epigrammata
582 4001 762 4072 Callimachi,
816 4005 890 4060 Cum
911 4021 977 4058 uero
991 4005 1131 4078 separatio
1151 4005 1253 4061 animae
1267 4025 1285 4061 a
1303 4024 1363 4062 cor·

209 4083 348 4157 inquibus
371 4101 447 4139 mors
467 4083 575 4137 dicatur
596 4083 667 4162 lepdr
681 4083 763 4138 ὕπνοι
814 4101 878 4154 pore
891 4093 1126 4140 commemoratur
1143 4093 1224 4157 atque
1237 4083 1287 4142 illa
1300 4103 1363 4141 nar-

209 4163 306 4235 Epigr.
321 4165 371 4226 49.
408 4159 491 4217 ὕπνοι
511 4161 691 4239 πεπρωμένος
713 4165 762 4216 44.
813 4163 938 4218 raturad
959 4163 1163 4232 aethemabire‚
1184 4171 1362 4238 tunctorpus
1468 4216 1474 4226 .

207 4239 448 4318 ὄφιιλόμενοιόὀ.
471 4249 500 4296 et
519 4241 654 4318 νήγρετοι
676 4239 758 4297 ὕπνοι
809 4241 929 4296 dormire
956 4261 974 4298 a
996 4241 1108 4298 nemine
1132 4241 1297 4300 Graecoruur
1320 4244 1361 4300 di·

209 4317 307 4394 Epigr.
335 4317 441 4391 Adeap.
464 4313 535 4378 666.
585 4319 666 4377 Nihil
692 4337 759 4377 sane
811 4320 892 4390 citur,
914 4338 963 4376 nec
984 4321 1037 4378 nisi
1057 4321 1093 4377 ab
1117 4321 1231 4378 homine
1254 4321 1363 4382 christi·

208 4399 263 4454 hac
285 4397 394 4456 dicendi
415 4397 524 4456 ratione
539 4397 692 4476 vulgarius,
712 4399 759 4454 sed
812 4418 866 4456 ano
886 4399 939 4457 dici
962 4401 1072 4475 poterit.

209 4478 317 4538 nonnisi
332 4497 397 4536 curn
409 4478 436 4534 in
447 4479 608 4537 universum
623 4480 658 4537 de
672 4485 762 4536 morte
