3218 5116
184 387 315 456 isses.
338 375 398 483 a]
737 365 807 457 rso

265 559 396 638 l’nrrl·
391 559 449 632 V
490 559 535 634 ln
561 555 656 635 banc
681 555 891 674 Prytaniam
920 583 1005 659 quae
1033 561 1078 635 ad
1106 561 1317 680 vigesimum
1348 537 1385 642 el

180 695 380 792 septimum
398 690 637 768 Poseideonia
656 693 809 779 duravit,
830 691 1005 781 inridere,
1026 706 1161 791 praeter
1181 695 1382 785 elissaeus,

182 847 323 924 magna
341 825 401 898 illa
429 823 608 925 Dionysia
631 827 702 899 κατ’
726 827 852 926 ᾰγροῦς
878 827 1011 922 quibus
1034 825 1227 901 histriones
1250 852 1295 904 ex
1312 829 1385 904 alio

182 959 322 1056 populo
350 959 397 1032 ad
429 957 538 1032 alium
573 957 803 1034 circumvecti
838 959 949 1032 fuisse
983 957 1193 1049 videntur²3
1230 961 1385 1037 maxima

183 1101 310 1163 autem
342 1115 442 1181 cura,
481 1100 519 1163 et
550 1090 736 1164 hominurn
768 1089 976 1189 frequentia
1007 1087 1127 1164 Piraeo
1162 1096 1386 1169 sacrosacta

186 1235 305 1313 erant,
335 1226 432 1298 unde
459 1248 593 1298 nomen
621 1220 844 1297 Piroicomm
870 1221 1068 1322 aliquando
1097 1223 1260 1302 habuere
1271 1227 1297 1300 ².

266 1352 381 1429 l’srr.
409 1351 475 1428 Vl.
520 1353 605 1443 llic,
648 1366 685 1429 et
727 1354 764 1428 in
805 1353 987 1453 Prytaniis
1017 1355 1265 1453 sequentibus,
1310 1383 1384 1433 non

187 1499 328 1563 tantum
361 1487 439 1586 ipsa
469 1486 656 1587 Prytania,
693 1489 756 1562 sed
788 1489 894 1562 etiam
927 1485 1005 1561 dies
1036 1485 1168 1586 quibua
1196 1490 1335 1592 aliquid
1365 1515 1387 1568 e

188 1617 370 1694 thesauris
409 1629 638 1693 numeratum
680 1631 748 1705 est,
795 1629 1052 1694 memorantur.
1121 1617 1176 1694 Hi
1212 1621 1291 1696 dies
1332 1617 1386 1708 (id

190 1753 290 1849 quod
319 1749 584 1825 Barthelemius
615 1750 886 1846 animaduertit)
921 1761 985 1824 aut
1012 1752 1121 1825 iidem
1151 1765 1236 1827 sunt
1262 1776 1307 1828 ao
1337 1753 1387 1829 illi

190 1885 334 1981 quibus,
373 1883 524 1983 singulis
560 1883 755 1983 Prytaniia,
791 1909 813 1958 e
848 1908 948 1958 more
983 1885 1129 1960 solenni
1160 1886 1263 1984 plebs
1300 1909 1387 1962 con·

189 2013 316 2090 venire
348 2014 489 2102 debuit,
520 2023 585 2088 aut
613 2016 739 2090 saltem
768 2015 816 2088 ab
847 2013 891 2088 iis
922 2037 1031 2112 quam
1060 2015 1209 2089 minime
1242 2015 1388 2090 absunt.

192 2145 298 2238 Quod
342 2145 438 2219 haud
470 2145 576 2220 aliam
612 2147 660 2220 ob
698 2169 843 2220 oausam
883 2145 1019 2219 factum
1056 2156 1112 2219 est
1146 2172 1256 2250 quarn
1290 2153 1388 2246 quod

193 2279 308 2375 plebis
328 2277 544 2354 auctoritate
567 2280 647 2354 boec
671 2279 790 2354 omnis
812 2278 967 2376 pecunia
994 2291 1259 2353 numeraretur.

269 2411 348 2486 Vox
364 2411 603 2508 ἁνομολόγημα
629 2411 778 2488 minime
805 2411 985 2510 explicatu
1013 2410 1139 2485 facilis.
1183 2409 1390 2511 Nusquam,

192 2558 366 2646 quantum
394 2549 518 2638 sciam,
545 2547 634 2623 alibi
653 2549 824 2622 occurrit.
865 2545 955 2622 Non
974 2572 1069 2645 opus
1093 2556 1135 2621 ut
1152 2543 1389 2622 Barthelemii

191 2683 470 2786 explicationem
501 2683 717 2772 exscribam,
743 2707 825 2756 curn
859 2683 918 2757 ille
951 2684 1144 2781 pecuniam
1176 2681 1314 2779 ubique
1341 2682 1389 2756 ab

192 2817 469 2894 Hellenotamiis
514 2829 739 2893 numeratam
778 2843 857 2891 esse
898 2819 1120 2906 existimans,
1144 2805 1237 2890 ¹rem
1277 2828 1389 2891 totam

191 2948 405 3025 turbaverit.
460 2949 647 3024 Biickhius
678 2949 939 3046 interpretatur
968 2945 1116 3020 “Noclr
1143 2945 1390 3046 aoueisuag.''

192 3081 478 3158 Hellenotamias
519 3108 569 3157 so.
614 3092 718 3181 putat
758 3079 950 3180 pecuniam
989 3079 1073 3152 duci
1111 3078 1389 3157 Atheniensium

191 3213 306 3287 resin
329 3213 472 3289 Eretria
488 3213 634 3314 gerenti
651 3211 871 3310 promisisse,
894 3217 932 3282 et
954 3216 1058 3281 sexta
1079 3205 1254 3306 Prytanis
1274 3209 1390 3308 plebis

191 3341 445 3416 auctoritatem
467 3341 728 3417 obtinuissent
748 3341 782 3414 ei
806 3338 983 3437 promissa
1005 3337 1161 3436 pecunia
1179 3333 1393 3416 solveretur.

192 3475 258 3549 Bis
285 3486 411 3572 postea
436 3499 507 3552 vox
535 3475 706 3566 occurrit,
733 3471 931 3572 paullulum
956 3471 1051 3544 infra
1085 3471 1266 3547 scilicet
1256 3499 1294 3547 rn
1321 3475 1391 3546 bac

192 3608 381 3706 Prytania,
412 3611 460 3684 ra*
492 3612 527 3684 ἐκ
551 3609 666 3696 Σᾶμου
687 3608 945 3702 α’νωμολογῆθη,
978 3617 1016 3680 et
1043 3617 1169 3703 postea
1194 3609 1232 3681 ln
1264 3597 1392 3685 octava¹

192 3739 381 3838 Prytanis,
419 3739 464 3811 rol
495 3741 533 3812 ἐκ
569 3739 683 3824 Σάμου
716 3735 1010 3831 ἀνωμολόγησατο
1027 3790 1036 3808 .
1052 3787 1062 3808 .
1078 3793 1088 3809 ,
1103 3790 1112 3810 .
1129 3768 1235 3835 pexos
1268 3733 1393 3818 Φλυεδι

191 3877 407 3968 στρατηγοῖς
431 3873 466 3944 ἐν
491 3871 602 3968 Σάμῳ.
655 3870 722 3944 Vir
738 3871 806 3946 cel.
824 3873 1034 3947 thesaurum
1052 3873 1222 3948 habuisse
1238 3875 1392 3950 Atheni-

191 4023 300 4076 enses
325 4003 362 4076 in
389 4000 509 4076 insula
535 3998 670 4077 Samo⁸
688 4001 877 4093 existimat,
901 4003 964 4078 ubi
980 4002 1136 4104 vectigal
1155 4027 1201 4077 ex
1216 4003 1390 4104 proximis

234 4184 433 4246 manum.
455 4185 661 4245 inuocat.
682 4187 766 4249 rom.
818 4187 943 4272 mmm.
1007 4165 1216 4248 ιιοι-ιιιι.
1267 4207 1297 4265 p.
1342 4193 1392 4252 ss.

190 4275 236 4342 ll.
250 4301 279 4356 p.
289 4287 339 4350 77.
818 4283 963 4362 Wyttenb.
990 4283 1053 4346 Vn.
1092 4285 1241 4344 Ruhnken.
1269 4303 1297 4360 p.
1324 4291 1392 4354 172.

234 4376 312 4434 ²Ci.
335 4379 459 4437 Bartbel.
482 4382 527 4438 ubi
548 4400 633 4457 supra
655 4403 683 4457 p.
696 4391 767 4446 401,
818 4387 847 4437 et
870 4379 981 4436 Biirlrh.
1010 4379 1105 4438 Graue.
1130 4379 1216 4452 Trag.
1244 4377 1337 4434 Prior.
1364 4397 1390 4435 c.
1433 4435 1438 4444 ,

194 4477 223 4526 et
236 4467 382 4546 Spalding.
405 4471 488 4530 Pras.
510 4472 546 4532 ud
570 4472 720 4535 Demostlr.
741 4493 769 4532 e.
818 4474 880 4536 xvi.

196 4563 270 4628 Mid.
297 4585 327 4642 p.
348 4567 432 4628 XVl.
456 4577 493 4632 et,
509 4568 541 4632 in
567 4571 650 4630 Actis
676 4571 768 4632 Acad.
859 4563 1244 4649 ‘ipsasmosatwvtom
1261 4563 1336 4626 facia
1349 4573 1393 4626 0⁸²
