3176 5094
604 387 954 464 iaoasoouauu.
1332 390 1378 462 xli

168 573 294 672 lingua
319 572 455 667 indicio
480 581 547 659 est,
571 595 655 644 nam
679 572 709 644 ei
735 593 779 644 ea
807 571 908 644 litera
940 578 1048 654 esset,
1075 567 1200 666 lingua
1218 569 1374 664 palatum

168 705 378 800 tangerel.''
443 697 545 796 Ergo
578 698 615 769 in
654 697 723 770 illis
759 696 910 770 vocibus
950 697 1076 793 lingua
1109 697 1266 790 palatum
1302 719 1374 766 non

167 828 298 927 tetigit.
361 827 448 900 Jarn
495 839 616 904 autem
658 828 831 922 angelus,
868 825 1044 912 anchora,
1081 827 1215 900 Graeca
1263 827 1373 901 verba

168 974 251 1037 sunt
285 961 430 1035 Latinis
461 961 572 1033 literis
608 983 788 1058 expressa.
839 962 932 1050 Quis
965 962 1077 1059 igitur
1107 961 1248 1035 dubitat
1282 959 1370 1058 quin

169 1102 303 1186 eodem,
351 1100 455 1171 modo
503 1099 581 1170 haec
629 1101 742 1171 verba
792 1099 830 1170 in
885 1111 1040 1197 utraque
1088 1100 1214 1196 lingua
1267 1100 1374 1172 effer-

170 1225 319 1299 rentur?
362 1226 471 1315 Quod
501 1228 530 1298 si
566 1253 692 1301 verum
727 1229 785 1315 sit,
830 1255 939 1304 sonus
976 1231 1035 1302 hic
1065 1227 1221 1304 Natalis
1259 1233 1373 1306 literae

172 1365 299 1430 rante
318 1365 344 1428 Γ
363 1356 419 1428 vel
440 1357 616 1452 Kpositae
634 1358 849 1430 tribuendus
865 1371 931 1431 est.
970 1359 1097 1432 Graeci
1116 1385 1215 1459 ergo,
1239 1387 1320 1435 curn
1341 1369 1375 1433 N

170 1502 253 1560 ante
284 1495 313 1560 Γ
343 1485 399 1558 vel
436 1493 466 1557 K
494 1488 552 1558 vel
580 1495 613 1559 X
646 1498 766 1574 staret,
800 1489 908 1586 eique
939 1514 1068 1563 sonurn
1104 1487 1275 1566 Nasalern
1310 1494 1374 1565 tri-

171 1617 283 1690 buere
307 1615 453 1702 vellent,
480 1616 516 1687 in
540 1623 566 1688 Γ
599 1617 791 1688 scribendo
817 1619 1004 1690 mutabant
1017 1616 1040 1689 ¹.
1094 1616 1253 1692 Primum
1280 1620 1375 1692 bello

174 1749 486 1846 Peloponnesiaco
524 1760 589 1820 aut
622 1747 743 1843 paullo
784 1761 871 1859 anta
904 1751 974 1821 hoc
1018 1749 1199 1822 factitasse
1236 1752 1374 1825 Atticos

215 1997 223 2028 ¹
245 1997 304 2066 Qui
319 2013 431 2052 mecurn
446 1995 521 2051 haud
536 1995 684 2065 consentit,
710 1995 751 2052 ‹li-

176 2109 255 2148 uersa
271 2089 389 2146 omnino
411 2089 528 2163 reperiet
546 2091 620 2164 apud
644 2089 749 2165 Scalig.

177 2187 210 2242 ed
222 2187 328 2244 Euseb.
339 2205 367 2258 p.
382 2192 448 2242 118.
462 2183 644 2259 H.Stephan.
654 2185 751 2242 Nous.

178 2283 268 2339 Math.
282 2300 352 2357 pour
365 2279 395 2338 ia
408 2279 509 2357 langue
528 2282 626 2340 Latine
639 2301 666 2356 p.
682 2286 751 2346 713.

800 2005 888 2054 torem
904 1996 1039 2053 habemus
1056 1997 1225 2074 Dionysium
1247 1997 1375 2056 llalicar-

799 2111 970 2151 naasensem.
1019 2095 1046 2150 ls
1072 2095 1146 2151 enim
1174 2094 1309 2170 (Dionys.
1337 2094 1371 2150 de

801 2183 905 2242 Struct.
924 2184 1007 2247 Orat.
1028 2204 1053 2242 c.
1070 2204 1161 2243 xxrr.
1185 2206 1214 2259 p.
1241 2192 1308 2244 128.
1327 2187 1371 2244 ed.

804 2277 922 2349 Upton.)
948 2280 982 2336 de
1015 2279 1128 2336 Pindari
1155 2297 1236 2334 versu
1263 2278 1311 2336 ἐπί
1339 2303 1373 2337 τε

77 2483 80 2489 “
178 2490 227 2528 nus
247 2473 283 2528 de
309 2471 347 2529 R.
364 2473 399 2529 E.
421 2473 460 2532 G.
475 2472 514 2530 G.
530 2471 555 2530 1.
578 2491 604 2528 c.
620 2480 648 2528 4.
690 2471 753 2528 Sta-

177 2379 221 2437 ρᾱ,
240 2375 327 2442 1667,
373 2379 416 2435 na
435 2379 468 2434 de
491 2379 544 2434 hac
564 2395 593 2434 re
611 2378 755 2434 llerman.
803 2371 909 2427 κλοπ-ἂν
929 2369 1059 2447 πέμπεπε
1078 2370 1166 2452 χάριν
1188 2372 1247 2428 haec
1270 2373 1374 2438 scribit.

803 2465 888 2524 πάλιν
898 2467 940 2546 aqi
954 2477 971 2502 ‘⁸
980 2467 1110 2526 κλνπᾶν”
1124 2469 1323 2550 προσηγορικᾷ
1337 2472 1376 2526 rei

177 2567 281 2623 tuilsc.
306 2573 399 2622 “csse
415 2567 501 2623 literae
521 2567 547 2621 N
570 2565 662 2622 finalis
682 2565 751 2622 duas
803 2562 986 2633 “eripuere''
1020 2561 1176 2643 ρηιιαπικόν
1206 2564 1375 2636 ἐπικείμενον

179 2672 285 2720 lantum
304 2662 484 2732 mutationes,
508 2665 630 2736 primam
644 2672 675 2719 ut
692 2671 753 2718 lan·
802 2659 850 2715 orire
876 2658 938 2740 ἔχει
973 2661 1094 2720 auraici»
1120 2662 1175 2720 οὔδ’
1201 2661 1374 2743 εὖκὲρασπον
1395 2651 1401 2668 i

179 2772 260 2830 quam
282 2756 317 2812 M
345 2757 543 2829 pronunciatur
570 2769 635 2814 note
656 2755 751 2813 literas
804 2756 855 2811 τδν
869 2752 952 2834 ἦχον
974 2755 1038 2812 ἀλλ’
1058 2755 1164 2829 ἀνάγκη
1184 2760 1374 2840 στηριχθῆναι

180 2847 294 2906 labiales
322 2849 356 2924 β,
383 2876 415 2923 μ,
437 2875 469 2922 π,
489 2863 523 2928 φ,
553 2855 602 2925 sla
633 2850 751 2909 alteram
803 2851 842 2904 ‘rei
863 2875 886 2918 ν,
907 2851 952 2906 καὶ
970 2853 1136 2910 πιεσθέντος
1155 2855 1250 2908 isauris
1267 2855 1374 2910 τούτου

179 2943 287 3014 ῑιῐίηγ
310 2943 393 3000 abeat
413 2961 478 3001 ante
494 2945 658 3002 Gutturuies
676 2971 705 3016 γ,
726 2973 751 3017 κ,
803 2947 945 3004 α’κοιισπὸν
972 2947 1101 3019 γενέσθαι
1129 2950 1166 3003 rei
1192 2972 1224 3005 rr.
1260 2948 1293 3005 oti
1317 2951 1373 3032 qa'p

179 3040 206 3115 ξ,
226 3064 261 3121 χ.
305 3041 382 3097 Ante
401 3039 471 3097 alias
488 3061 553 3098 vero
569 3053 752 3101 consonantes
804 3039 994 3099 ὖιιοτόκτικον
1016 3045 1058 3120 τῷ
1080 3069 1094 3097 ν
1109 3042 1148 3098 τιν’
1164 3063 1196 3099 π·
1219 3040 1324 3102 τοὺ-ιον
1344 3045 1373 3104 δέ

180 3151 276 3190 omnes
294 3133 447 3192 immorata
461 3145 555 3194 manet
574 3136 660 3194 literae
676 3138 703 3194 N
721 3137 754 3192 fi·
804 3141 894 3198 cirros
919 3131 1013 3196 Ιὁτοιῖ
1035 3139 1184 3212 στόματος
1207 3165 1374 3223 σχηματισ-

180 3226 247 3285 nalis
276 3230 477 3303 pronunciatio.
534 3231 578 3288 lta
610 3251 639 3291 v.
666 3251 692 3289 c.
725 3233 752 3288 Ιιί
803 3237 864 3306 poc,
890 3235 957 3292 οὔτε
986 3236 1062 3294 κατά
1090 3239 1144 3294 τὸν
1167 3237 1256 3297 αὐτόν
1279 3240 1374 3298 τόπον

179 3339 273 3380 versus
286 3323 316 3378 in
336 3321 463 3380 Hecubae
480 3325 619 3399 Euripidis
636 3325 752 3401 Prologo
804 3330 872 3388 orire
891 3332 933 3411 aqi
954 3330 1031 3410 οὗτοι
1052 3333 1152 3413 τρόπῳ
1174 3329 1373 3413 τῶνγραμμᾶ·
1417 3337 1421 3346 '

886 3425 893 3445 Ι
945 3424 951 3445 l
1024 3429 1031 3448 t
1059 3423 1066 3444 Ι
1204 3427 1212 3450 t
1306 3425 1313 3450 i
1367 3427 1375 3451 t

181 3465 210 3522 ὃς
224 3467 278 3535 τῲ
294 3465 419 3546 ἀρίστην
437 3471 636 3549 Χερσονησίαν
655 3474 751 3530 πλάκα
804 3450 862 3483 πων
878 3435 1003 3575 “pepon
1015 3450 1152 3504 aucupor
1174 3453 1211 3483 πο
1227 3451 1248 3483 π
1271 3452 1315 3483 aar
1337 3450 1375 3482 πο

178 3555 297 3640 warpei,
320 3567 458 3639 φίλιππον
472 3567 542 3623 aad»
562 3565 678 3626 attilam
692 3567 753 3646 δορὶ
803 3519 1226 3691 Zmiffiffiygzgzosgibiltqp'
1236 3522 1291 3671 8ἶί
1306 3539 1375 3672 ἐξ

178 3703 217 3760 sic
237 3703 347 3780 legendi
366 3717 442 3776 suot,
465 3708 549 3766 veluti
573 3711 597 3767 si
616 3712 751 3786 scripturn
802 3713 878 3785 (Lib.
902 3711 925 3768 1.
950 3731 975 3768 c.
999 3718 1058 3786 1‘2.)
1085 3713 1119 3767 de
1149 3710 1374 3785 pronunciatione

178 3809 250 3855 esset
270 3797 399 3877 ἅρὶοπηγ
418 3802 619 3879 Χερσονησίαμ
645 3802 751 3871 πλάκα,
804 3811 930 3866 Gamma
947 3817 1009 3862 ante
1028 3807 1165 3864 Gumma.
1193 3805 1257 3862 “In
1280 3807 1371 3878 ἐγγιῗι,

179 3911 233 3950 uon
258 3904 356 3952 autem
376 3898 462 3954 etiam
487 3901 627 3975 φιλίππολ
654 3899 753 3955 Aaou?
803 3901 957 3972 ἐγγεγάασι
981 3911 1008 3957 et
1034 3901 1096 3958 aliis
1120 3897 1257 3957 similibus
1281 3899 1374 3958 verbis

179 3989 225 4044 Ao
252 3998 329 4046 recte
361 3990 462 4048 ultima
488 3994 592 4051 dixerit
619 3994 661 4050 vir
689 4013 752 4052 vere
803 3995 922 4052 dubitari
937 4012 990 4050 nou
1014 4001 1103 4065 potest
1121 3993 1185 4069 quin
1206 3992 1266 4052 istae
1288 3993 1374 4054 litera

180 4080 333 4152 mirandus,
349 4084 445 4142 tabula
458 4086 603 4162 insequens
616 4089 752 4165 ostendet·
805 4097 835 4145 nt
849 4108 886 4162 ng
900 4087 1073 4162 pronunciari
1086 4087 1223 4158 debeant;
1245 4091 1299 4162 κάγ
1309 4089 1374 4164 γόνυ

182 4175 279 4236 Postea
305 4179 368 4236 haec
393 4181 428 4238 de
453 4184 553 4240 eadem
583 4204 611 4240 re
640 4185 753 4258 profert.
805 4197 898 4242 autern
912 4183 1023 4241 sonabit
1034 4203 1080 4260 gg,
1094 4187 1194 4244 eadem
1208 4189 1377 4263 comparati-

179 4272 258 4329 “Sed
292 4275 355 4331 haec
386 4276 489 4334 veteris
522 4279 754 4351 pronunciationis
804 4301 867 4348 one,
888 4302 943 4358 qua
962 4283 1009 4352 τθ,
1031 4293 1087 4360 ap,
1108 4309 1159 4365 κχ,
1181 4293 1212 4342 nt
1231 4286 1262 4342 th
1281 4286 1323 4357 th,
1348 4287 1372 4356 li

178 4367 315 4444 elegantia
337 4373 485 4431 recentiori
507 4387 589 4432 aetate
607 4375 753 4450 paullatim
804 4377 839 4432 rh
854 4377 889 4432 ch
905 4379 1147 4451 pronunciantur.''
1182 4381 1240 4437 Ubi
1251 4393 1365 4441 meoten

179 4461 284 4521 ridetur
312 4465 463 4525 interiisse.
506 4467 594 4543 Cujus
622 4471 662 4525 rei
689 4487 753 4525 auc·
804 4472 855 4526 viri
871 4473 966 4546 magni
979 4473 1053 4528 haud
1068 4474 1181 4530 omnino
1194 4477 1281 4551 capio.

908 4569 943 4663 f
