3176 5094
190 401 224 471 iv
623 405 965 461 ruouasousua¹

198 595 386 661 marmora,
417 569 475 642 vei
502 567 572 639 alia
597 565 775 660 longaevae
803 558 991 634 vetustatis
1024 565 1259 629 monumenta
1288 557 1397 627 hodie

201 709 383 788 moneant,
411 721 456 770 ea
481 719 528 768 ex
551 691 720 766 omnibus
737 691 783 762 ad
804 711 896 782 quos
921 683 1008 756 mihi
1025 691 1150 779 pateat
1174 682 1293 755 aditus
1316 681 1397 752 fou-

713 934 900 992 Μυιιιτοιι.

478 1079 615 1138 Basilides
627 1095 764 1134 annorum
781 1093 890 1132 xxm.

399 1173 475 1235 Scire
487 1174 564 1248 cupis
578 1173 679 1247 hospes
692 1171 753 1246 quis
767 1171 822 1226 sim
836 1180 863 1225 et
877 1167 937 1243 quis
951 1187 998 1224 me
1011 1169 1145 1240 genuerit,

402 1273 508 1347 Accipe
522 1285 671 1346 parumper
683 1275 761 1323 stans
777 1283 827 1338 pro
841 1263 992 1322 tumulum.

403 1369 508 1428 Genuit
521 1385 567 1422 me
580 1361 707 1421 Glaucus
721 1369 808 1435 pater,
824 1359 929 1433 peperit
943 1378 988 1415 me
1002 1377 1068 1417 vero
1082 1367 1173 1416 mater

404 1463 588 1538 Chrysogono
601 1455 649 1511 sed
661 1474 701 1510 me
715 1453 850 1532 infelicem
863 1452 934 1511 nihil
941 1453 1074 1532 profuit!

520 1551 576 1610 διο.
596 1549 653 1608 διο.
670 1549 724 1604 διο.

211 1735 279 1793 Jam
293 1740 398 1802 sutem,
411 1729 482 1806 quod
491 1729 556 1803 jure
566 1723 688 1794 mireris,
703 1723 784 1798 Cyri·
835 1724 922 1780 Aliud
935 1731 1029 1780 autem
1043 1724 1205 1798 exemplum
1219 1722 1313 1780 forsan
1327 1728 1405 1779 nota-

212 1849 278 1887 acus
293 1848 311 1885 s
323 1846 386 1903 quo,
400 1826 453 1883 nisi
465 1823 557 1892 fallor,
575 1833 688 1895 uterque
701 1839 783 1877 suum
834 1818 915 1876 bilius
934 1829 1012 1877 extat
1031 1821 1103 1894 quod
1125 1819 1269 1876 Cossinius
1287 1819 1405 1876 notavit.

212 1924 404 2000 apographum
425 1919 554 1993 sumpsit,
575 1925 648 1973 recte
671 1915 784 1971 omnino
833 1916 927 1987 (Tom.
943 1916 965 1972 1.
994 1936 1022 1990 p.
1038 1922 1097 1973 380
1118 1919 1172 1990 sq.)
1199 1916 1259 1972 En!
1280 1913 1404 1989 ejusdem

212 2020 409 2093 exscripserat,
422 2033 476 2072 uno
488 2023 585 2070 tamen
599 2018 682 2084 atque
697 2005 784 2063 altero
835 2006 1019 2079 inscriptionis
1050 2007 1136 2063 finem
1163 2019 1243 2081 prout
1269 2012 1307 2064 1ο,
1333 2007 1407 2064 Gru-

213 2115 299 2170 verbo
317 2110 433 2168 omisso.
474 2106 520 2164 cf.
540 2104 653 2181 Cyrisc.
675 2103 785 2156 Ancon.
836 2107 904 2168 tero,
928 2119 955 2174 p,
971 2097 1040 2158 464.
1067 2107 1096 2169 7,
1122 2100 1160 2156 'a
1186 2102 1353 2170 Muratorio,
1377 2120 1406 2176 p.

212 2207 493 2283 p.xx.1nscr.135.
515 2192 785 2272 Rectaquoquoedi-
837 2191 950 2265 560.1,
971 2195 1102 2252 eschedis
1112 2195 1168 2252 suis
1177 2206 1207 2253 et
1216 2197 1330 2273 Cyriaci
1341 2197 1409 2251 Bar-

213 2306 292 2363 derat
316 2303 445 2360 Maffeius
465 2301 555 2374 (Mus.
571 2297 677 2352 Veron.
694 2295 787 2361 LXV«)
837 2291 948 2362 berinis,
972 2292 1030 2349 ’ab
1048 2295 1156 2365 eodem,
1177 2314 1204 2370 p.
1220 2291 1290 2364 567,
1312 2311 1327 2348 e
1346 2311 1408 2348 mu·

213 2397 267 2456 nisi
282 2397 354 2472 quod
372 2396 400 2451 in
415 2393 507 2468 prima
524 2391 598 2448 lines
619 2385 791 2462 (Πυνθάνεαῖ
836 2404 882 2442 seo
893 2387 1063 2461 Kempiano,
1080 2390 1116 2445 *ιι
1127 2389 1230 2463 Sponio
1245 2389 1309 2445 Itin.
1322 2387 1408 2444 Τοιιι.

216 2517 257 2550 τις
269 2491 346 2568 ἔφυν,
361 2485 431 2567 ξένε,
448 2485 526 2545 ταδ’
537 2481 683 2558 ἐγενήθην)
696 2498 782 2535 unum
838 2481 893 2539 111.
918 2501 949 2555 p.
965 2489 1012 2551 18,
1041 2480 1078 2539 ὅο
1092 2484 1214 2560 Cyriaco
1235 2485 1262 2540 in
1277 2483 1408 2556 inscript.

215 2587 313 2663 pedem
341 2584 435 2642 deesse
454 2570 529 2639 haud
547 2573 783 2636 animadverterit.
835 2591 864 2644 p.
889 2577 938 2636 73.
981 2573 1036 2632 No.
1054 2583 1100 2634 10.
1154 2575 1209 2633 Sed
1242 2594 1331 2650 pauca
1364 2573 1410 2629 hic

637 2785 717 2797 -—
738 2749 909 2827 rpouoriv‘roe

575 2848 704 2922 Φλαβίου
726 2843 868 2923 πρυλοίδου

567 2943 660 3002 'Areu
681 2937 909 3010 διοσεμνοτιίτου

678 3034 857 3114 Ἀρχοντοο.

638 3213 720 3226 ·---
740 3179 912 3256 προνοῦντοε

541 3275 671 3350 Φλαβίου
692 3275 746 3330 τοῦ
766 3271 905 3354 δοδοιίχου
927 3277 980 3332 τοῦ
1000 3275 1181 3347 σεμνοτάτου

686 3367 864 3446 Ἀρχοντος.

651 3553 716 3566 ....
743 3511 913 3589 προνοιῖντοι

581 3604 711 3678 Φλαβίου
733 3602 886 3684 προλιίδου.

648 3751 765 3828 προνοία
784 3748 913 3822 Φλαβίου
933 3750 1007 3820 Πομ.

580 3843 721 3924 δαδοιίχου
740 3845 797 3901 τοῦ
813 3844 932 3914 διοσημο

581 3937 674 3995 τιίτου
695 3938 739 3994 καί
758 3939 818 3996 sirei
841 3937 984 4010 Κομίτον.

659 4125 684 4139 ..
700 4126 725 4140 ..
750 4085 877 4161 προνοίαι

541 4176 671 4250 Φλαβίου
694 4173 848 4234 δοδουιίλου
877 4176 930 4232 τοῦ
946 4174 1161 4247 διασημοτιίτου

692 4275 863 4353 Ἀρχοντοα

600 4365 642 4424 καί
665 4367 726 4422 dud
745 4364 888 4433 Κομίτυον.
