3176 5094
178 481 185 499 ‚y
213 397 295 466 xxvi
640 409 978 464 rnocnoonsus.

92 541 95 546 Ι
149 527 188 694 ki
215 572 569 666 r·epraesentaretur¹.
623 569 695 640 Sed
718 569 796 640 baec
820 565 941 640 omnia
969 567 1059 640 nibil
1084 569 1130 640 ad
1156 591 1246 640 reru.
1299 561 1415 641 Nunc

146 663 190 826 iii
215 701 310 772 enirn
340 701 533 796 quaerimus
556 723 669 796 quare
699 716 764 794 pro
787 700 902 772 forma
927 717 980 789 ty,
1006 699 1075 772 alia
1098 702 1239 776 diversa
1264 699 1416 772 omnino

139 789 181 948 ἒξ,
217 835 492 904 induceretur&

138 931 154 952 Ἀ

138 949 192 1164 ἒξ
290 959 410 1060 Pergo
455 963 501 1034 ad
541 959 703 1055 duplices
735 972 977 1033 consonantes
1023 971 1054 1036 Ξ
1094 973 1133 1034 et
1176 971 1219 1047 Ψ,
1262 983 1414 1057 quarum

103 1109 108 1116 '
137 1137 144 1149 ·
216 1103 377 1164 neutram
405 1089 657 1186 perantiquam
687 1115 767 1162 esse
793 1093 878 1162 satis
897 1101 1050 1176 constat,
1079 1114 1160 1161 cum
1187 1091 1223 1162 in
1245 1091 1415 1162 omnibus

215 1219 290 1292 iere
322 1219 618 1316 inscriptionibus
653 1241 768 1315 usque
799 1220 843 1289 ad
877 1218 1064 1291 Euclidem
1102 1219 1322 1291 Archontem
1355 1217 1413 1288 illa

215 1373 280 1447 per
312 1356 389 1435 ΧΣ,
420 1350 497 1420 lroec
527 1360 648 1420 autern
677 1373 743 1444 per
769 1356 828 1422 ΦΣ
856 1362 1147 1444 repraesentetur.
1199 1347 1415 1420 Salmasius'

213 1507 294 1554 cum
331 1481 450 1552 multis
475 1481 554 1553 aliis
586 1489 616 1554 Ξ
644 1505 708 1575 pro
743 1487 804 1552 ΚΣ
834 1504 977 1576 semper
1011 1482 1119 1554 scribi
1152 1482 1289 1566 statuit,
1314 1479 1412 1575 quod

212 1615 305 1686 adeo
334 1611 460 1682 fulsum
491 1622 546 1684 est
574 1620 612 1681 ut
636 1633 683 1681 ne
709 1609 747 1680 in
780 1632 854 1680 uno
886 1609 1029 1706 quidem
1063 1634 1109 1682 ex
1132 1609 1300 1682 omnibus
1329 1631 1414 1706 quas

214 1743 300 1815 mihi
348 1742 528 1838 inspicere
578 1739 774 1835 contigerit
822 1741 982 1813 indubias
1030 1741 1115 1814 fidei
1162 1741 1414 1826 marmoribus,

214 1875 330 1948 literae
359 1883 417 1946 ΚΣ
450 1873 527 1946 vice
557 1871 789 1944 consonantis
815 1881 846 1948 Ξ
871 1873 1084 1968 fungantur.
1138 1871 1279 1944 Eodem
1307 1873 1415 1944 modo

214 2013 284 2090 ΦΣ,
313 2005 459 2076 minime
487 2014 607 2075 autem
633 2011 704 2089 ΠΣ,
733 2027 799 2098 pro
825 2008 885 2074 Ψ*
910 2027 1054 2098 semper
1077 2015 1273 2098 ponuntur.
1327 1997 1413 2072 Hoc

214 2135 254 2206 flt
280 2134 387 2205 etiarn
419 2131 455 2202 in
485 2130 633 2202 vocibus
660 2153 813 2226 quarum
841 2131 986 2226 propria
1016 2141 1112 2203 esset
1141 2131 1245 2203 litera
1272 2135 1314 2210 K,
1342 2127 1412 2200 nisi

213 2270 242 2335 Σ
265 2271 489 2357 sequeretur.
543 2265 910 2332 ΑΝΑΧΣΙΚΡΑΤΕΣ
934 2261 1086 2357 exempli
1111 2261 1230 2358 gratia
1257 2262 1293 2332 in
1320 2279 1413 2331 mar·

214 2413 313 2463 more
331 2387 570 2462 Nointeliano
584 2387 727 2484 iegitur.
764 2390 810 2460 At
829 2413 969 2485 semper
980 2402 1015 2462 et
1029 2391 1164 2488 ubique
1177 2395 1414 2476 ΑΝΑΚΤΟΣ,

216 2545 288 2596 non
318 2525 558 2593 ΑΝΑΧΤΟΣ.
614 2517 720 2608 Quod
747 2530 867 2592 autem
906 2521 962 2594 vel
994 2522 1109 2622 magis
1140 2521 1356 2606 mirandum,
1384 2519 1415 2590 si

215 2651 429 2744 vocabulum
461 2673 483 2723 a
509 2657 537 2720 Σ
564 2648 743 2743 incipiens
772 2649 877 2721 aliam
914 2675 1038 2724 rocem
1067 2677 1089 2724 a
1124 2657 1154 2722 Κ
1187 2653 1413 2724 desinentem

257 2859 456 2934 ‘Hujusmodi
492 2856 659 2914 mutationes
693 2867 850 2914 contractas
886 2879 940 2916 uno
975 2861 1074 2917 intuitu
1102 2861 1238 2935 inspicere
1269 2859 1415 2916 Lector-em

218 2957 334 3014 sortasse
349 2954 469 3029 juvabit.

401 3073 528 3129 Gemma
569 3069 695 3134 <Λ1’
746 3067 784 3123 Χί
882 3065 982 3152 ill}
1029 3070 1085 3127 Chi
1128 3069 1212 3142 ÷X

398 3163 526 3220 Lambda
575 3163 593 3217 l
630 3164 650 3217 ι*
748 3161 845 3235 Sigara
885 3161 917 3218 Μ
962 3161 984 3224 Σ

222 3277 386 3337 Notandum
413 3285 456 3333 est
485 3276 514 3331 in
546 3271 660 3349 lecytho
694 3271 791 3328 Attico
842 3271 1079 3330 Selinuntinorum
1126 3271 1173 3326 ubi
1213 3267 1312 3344 legitur
1356 3284 1412 3324 vox

221 3377 295 3452 epod
317 3371 439 3446 Walpol.
463 3371 588 3426 'l'om.1.
609 3370 723 3440 pars.
744 3385 793 3420 uo·
842 3364 1007 3433 vass.
1057 3366 1220 3421 Torrentur.
1258 3359 1348 3436 (sicil.
1387 3367 1415 3416 et

224 3491 286 3530 cem
307 3469 422 3528 KAAE
442 3465 545 3539 saepius
569 3482 629 3520 esse
648 3461 792 3536 scriptam,
843 3461 896 3536 obj.
920 3461 977 3517 ins.
998 3457 1128 3532 Inscript.
1145 3454 1253 3528 Proleg.
1267 3473 1294 3528 p.
1308 3455 1418 3528 xcvi.)

225 3582 337 3639 semper
349 3554 794 3622 autemadextrasinistrorsum3
846 3557 900 3613 Sed
929 3553 1106 3612 D'Orrillius
1131 3549 1233 3624 (Sicul.
1262 3568 1290 3620 p.
1305 3553 1367 3620 78.)
1387 3555 1416 3603 et

224 3663 389 3735 literamque
421 3654 550 3712 Lambda
579 3669 651 3706 nunc
681 3669 729 3721 per
762 3651 795 3718 ν,
846 3650 1025 3707 Burmannus
1043 3647 1089 3718 (ad
1109 3644 1178 3702 calc.
1199 3638 1342 3700 D'Oruill.
1360 3641 1419 3698 sic.

226 3775 298 3813 nunc
314 3754 396 3827 perir
418 3745 619 3823 repraesentari.
664 3743 742 3800 Duos
757 3743 798 3800 la·
846 3763 875 3818 p.
890 3747 972 3810 422.)
994 3742 1111 3797 fluvium
1135 3739 1266 3814 Hypsam
1287 3737 1340 3792 hoc
1365 3755 1415 3792 no·

227 3851 304 3928 pides
322 3844 490 3922 sepulcrales
512 3843 540 3900 in
558 3839 648 3898 Lusier
656 3840 673 3896 ii
695 3841 796 3896 blusso
846 3838 920 3892 mine
930 3834 1081 3908 significari
1095 3841 1230 3892 statuunt.

226 3951 354 4000 extantes
367 3950 425 3996 eta
441 3936 500 3992 viro
514 3933 566 3992 cel.
580 3933 614 3990 T.
632 3933 662 3989 S.
677 3931 795 4007 Hugbes
885 3930 897 3961 ³
920 3929 1045 3989 Salmas.
1057 3932 1090 3988 de
1100 3929 1251 3988 Hellenist.
1261 3949 1289 4004 p.
1301 3933 1372 3990 385·
1387 3939 1416 3984 et

228 4057 338 4096 mecum
354 4028 631 4092 communicatoshic
644 4045 796 4102 apponam,
848 4027 916 4086 Not.
938 4025 973 4082 ad
996 4024 1101 4082 Herod.
1123 4024 1211 4082 lnscr.
1235 4043 1265 4098 p.
1276 4028 1325 4080 80.
1348 4022 1417 4078 Vic-

228 4150 291 4187 cum
314 4134 425 4202 propter
438 4125 563 4181 diversas
585 4121 690 4178 formas
710 4119 796 4177 literae
849 4121 920 4178 torin
943 4140 970 4194 p.
987 4124 1077 4186 2459.

229 4223 360 4282 Lambda
379 4221 435 4278 sint
455 4217 588 4276 notabiles
888 4213 898 4242 ⁴
921 4212 983 4270 Hoc
994 4219 1068 4270 certe
1081 4229 1222 4285 nunquam
1233 4227 1251 4265 a
1262 4209 1417 4266 Gramma-

233 4329 262 4384 l.
281 4313 419 4382 ΚΑΜΙ
446 4323 477 4378 2.
498 4306 672 4376 lWZiAZ
850 4309 911 4368 ticis
920 4309 1144 4366 animadversum
1154 4315 1205 4362 est.
1215 4304 1345 4360 Diomed.
1354 4303 1416 4361 Lib.

309 4413 413 4483 ΣΤΩ
492 4402 796 4476 ᾹΥΣΑΝΔΡΟΥ.
849 4419 887 4460 11.
902 4421 928 4476 p.
943 4407 1012 4464 417.
1031 4398 1115 4476 (apud
1132 4396 1258 4468 Putsch.)
1286 4393 1416 4451 “Pers

267 4517 278 4548 ³
299 4517 369 4578 Haec
385 4516 476 4574 forms
493 4511 613 4571 occurrit
631 4510 659 4565 in
680 4523 797 4564 nummo
847 4497 932 4556 simul
946 4495 1040 4570 posnae
1054 4499 1187 4554 Graecum
1202 4492 1231 4547 l'
1245 4489 1399 4549 asserunt?
