3158 5104
774 427 820 489 88
1195 427 1342 511 [Cusas.
1359 433 1403 504 ll.

207 591 323 672 atlon
341 597 494 668 Σικαινῖαι
513 595 578 680 τήν
598 599 700 668 oirior
716 597 769 670 rai
795 593 911 669 τᾶλλα
928 595 1038 670 πάντα
1060 602 1264 698 Δαμΐοργος,
1288 611 1404 702 Παρα-

204 731 319 830 γόρας,
351 727 544 830 Πρόξενοιι,
569 765 600 804 κ.
615 763 650 804 τ.
664 742 700 804 λ.
753 729 944 806 Scbowius
969 753 1118 830 quoque
1144 737 1272 809 eodem
1297 737 1404 810 modo

202 868 250 940 xde
277 891 367 948 voce
402 876 594 966 Aapropvyor
632 867 764 940 titubat
796 867 894 964 quod
935 891 1067 942 nomen
1104 870 1292 967 proprium
1325 897 1405 948 esse

204 997 395 1074 existimat.
446 1000 506 1074 De
534 1023 608 1100 qua
629 1023 668 1074 re
694 1023 819 1074 verum
845 999 970 1074 ridere
993 999 1287 1091 Siebenkeesius,
1315 1003 1406 1078 Bar-

202 1131 404 1220 thelemius,
424 1143 462 1206 et
479 1132 652 1210 [aurius.
706 1130 812 1220 Mox,
831 1157 927 1220 cum,
945 1143 987 1206 ut
1003 1157 1090 1207 vere
1108 1133 1405 1227 Siebenlreesius,

204 1261 398 1337 “Proxeni
436 1261 572 1362 publici
612 1285 681 1336 nec
720 1259 868 1358 privatis
905 1261 1080 1337 interesse
1115 1263 1295 1360 hospitiis,
1335 1289 1405 1368 nee

202 1417 328 1468 eorum
368 1395 515 1470 nomine
548 1395 695 1466 decreta
729 1390 866 1492 signari
900 1399 1083 1489 possent,”
1127 1393 1207 1468 voci
1247 1394 1404 1492 Προξενα

204 1531 319 1598 “eam
365 1499 673 1624 'significationem
716 1523 855 1610 tribuit,
904 1547 988 1622 quae
1033 1523 1306 1600 conciliatorem
1348 1527 1405 1600 vel

203 1666 387 1736 auctorem
412 1657 581 1742 amicitiae
606 1655 795 1744 innuit²;”
827 1666 865 1730 et
899 1656 1112 1755 “quamvis'
1131 1656 1403 1731 conciliatorum

204 1787 352 1862 nomina
385 1788 539 1864 decretis
557 1786 792 1886 hospitalibus
819 1785 967 1860 inscribi
1007 1788 1250 1877 consuevisse,
1280 1813 1350 1864 uec
1382 1813 1404 1862 e

204 1920 346 1996 Graecis
373 1945 441 1998 nec
466 1918 641 1994 Romanis
668 1919 848 2016 lapidibus
880 1943 919 1994 se
945 1921 1100 2016 probare
1126 1927 1260 2017 posse’'
1287 1922 1403 2019 palam

204 2055 427 2156 profiteatur,
468 2055 580 2129 “illos
616 2065 738 2128 tamen
781 2078 872 2151 quos
911 2066 1035 2130 nostra
1076 2057 1198 2131 tabula
1241 2058 1403 2132 nominat

204 2187 421 2265 Mineonem
457 2189 526 2264 &c
559 2191 694 2264 amicos
728 2189 840 2264 fuisse
876 2189 994 2264 Saotis
1028 2201 1068 2264 et
1102 2190 1269 2266 Sicaeniae
1307 2216 1404 2266 com·

206 2347 334 2398 munes
363 2335 400 2397 et
422 2334 587 2398 auctores
615 2325 725 2424 hujus
756 2321 940 2418 hospitalis
966 2321 1139 2396 foederir
1172 2347 1253 2397 esse
1281 2322 1404 2396 existi·

206 2465 292 2530 mat.
346 2455 529 2552 Προξενους
549 2453 727 2554 ejusmodi
749 2452 913 2526 homines
935 2477 1015 2527 esse
1039 2455 1165 2528 statuit
1186 2453 1405 2543 Heerenius,

206 2608 297 2683 quos
323 2584 480 2684 Anglice
507 2581 656 2656 consuls
681 2582 912 2679 appellamus,
941 2585 1106 2662 homiues
1131 2609 1182 2661 se.
1209 2587 1335 2696 missos
1367 2588 1405 2661 in

204 2713 418 2815 peregrinas
452 2712 572 2801 urbes,
603 2721 644 2785 ut
676 2712 727 2786 ibi
760 2738 836 2790 sure
871 2717 1080 2815 reipublicae
1114 2721 1262 2820 negotia
1295 2719 1405 2818 perli-

205 2852 314 2926 ciant.
368 2851 620 2953 Demiurgum
640 2875 729 2953 ergo
759 2864 795 2928 et
822 2854 1043 2958 Paragoram
1069 2859 1148 2957 ejus
1174 2857 1274 2932 urbis
1300 2858 1403 2958 cujus

207 2987 379 3062 Sicanias
402 2986 489 3062 civis
515 2995 595 3061 erat
620 2983 808 3062 Proxenos
832 3013 935 3078 esse;
962 3000 1095 3064 caetera
1116 3001 1239 3066 autem
1260 2990 1406 3064 nomina

206 3114 427 3212 privatorum
447 3113 614 3189 Sieaeniae
631 3114 832 3190 amicorum
850 3141 930 3191 esse
948 3120 1067 3193 docet.
1154 3145 1156 3154 ’

280 3245 365 3322 Jam
392 3247 556 3343 sequitur
583 3246 701 3322 faceta
721 3247 928 3347 interpretis
952 3251 1050 3344 illius
1073 3251 1140 3326 SS.
1168 3248 1406 3348 Neapolitani

206 3378 410 3490 explicatio.
453 3375 636 3475 Imprimis
668 3401 735 3474 pro
776 3411 867 3481 τυχα
886 3416 1018 3490 'eamn
1050 3383 1247 3482 legendum
1283 3379 1407 3454 statuit

207 3595 295 3647 ersten
310 3587 407 3646 Worte
421 3586 492 3644 eea
507 3583 586 3668 τῦχα
599 3585 782 3646 Σᾰοτιεῡεα
831 3591 998 3670 derjeuigen,
1033 3593 1077 3652 die
1103 3595 1156 3652 mit
1180 3593 1246 3652 dem
1274 3594 1407 3654 Sicanias

197 3685 321 3763 for-turm
368 3682 566 3754 commatris,
617 3682 677 3741 sind
720 3684 784 3742 eine
833 3687 1100 3748 Gastfreundsehaft
1134 3689 1267 3748 erriebtet
1289 3690 1407 3763 butten,

207 3778 298 3840 blusso
314 3777 592 3858 Anfmgs-iormel,
611 3780 669 3838 und
690 3780 784 3838 haben
834 3793 912 3842 unter
926 3783 1051 3843 welchen
1071 3785 1121 3842 der
1133 3785 1216 3844 Erste
1235 3785 1259 3844 is
1278 3785 1409 3870 Aomop·

207 3877 261 3934 mit
292 3876 348 3934 deu
380 3875 526 3953 folgenden
554 3876 635 3935 keine
667 3877 785 3936 Verbin·
833 3907 892 3956 poc.
926 3882 1095 3940 Dieserund
1110 3881 1408 3963 derfolgendellapa·

207 3977 315 4051 dung.''
834 4005 921 4062 popae
935 3997 1027 4037 waren
1041 3979 1189 4060 Προξενοι,
1203 3978 1324 4056 hospites
1335 3981 1408 4056 pub-

247 4069 257 4102 ¹
279 4070 399 4129 Heereu.
410 4069 457 4128 ubi
467 4089 561 4146 supra.
584 4071 652 4132 “A.
661 4070 697 4129 Σ.
706 4071 741 4130 Τ.
750 4073 785 4134 Ρ.
834 4076 913 4137 lici.”

208 4168 281 4228 ruath
308 4169 373 4225 dem
409 4166 569 4226 Doriscben
596 4166 712 4225 Dialect
738 4165 785 4224 fuir

117 4325 120 4334 ,
208 4265 299 4326 δίδωσι
317 4265 355 4338 Σ,
373 4263 428 4335 τήν
440 4267 527 4322 οὶκίαν
547 4262 726 4341 (hospitium)
739 4259 783 4320 eol
873 4263 885 4296 ²
905 4261 976 4321 Haec
1000 4261 1064 4320 loca
1090 4261 1212 4320 advocat
1231 4261 1276 4318 vir
1300 4261 1409 4320 doctus.

207 4358 305 4418 τᾶλλα
319 4357 418 4421 πάντα
439 4357 507 4416 aller
527 4357 635 4437 iibrign
656 4377 712 4416 aar
734 4356 783 4414 dar
834 4359 979 4420 Plutarch.
993 4359 1078 4420 Tom.
1086 4359 1110 4416 1.
1124 4377 1153 4435 p.
1162 4364 1214 4427 79.
1225 4356 1322 4418 Sebol.
1331 4356 1409 4416 med.

210 4455 301 4516 neem
316 4456 365 4514 cler
378 4453 646 4536 Gurtfreundsciost
660 4453 713 4512 mit
725 4451 785 4511 rici
833 4457 863 4515 in
873 4455 970 4533 Eorip.
983 4455 1083 4514 Phoen.
1096 4449 1206 4513 abab.
1219 4451 1303 4530 (inter
1317 4449 1408 4510 Codd.

208 4553 321 4636 §singu
340 4551 396 4614 und
411 4553 484 4628 jetzt
500 4549 593 4628 lolgen
610 4551 655 4610 die
669 4551 784 4611 Nemea
835 4547 902 4614 bibl.
916 4548 1022 4628 Angel.
1037 4547 1082 4612 Pl.
1096 4569 1121 4608 e.
1131 4553 1175 4626 4.)
