3218 5116
199 391 326 462 Isson.
350 387 463 472 vnn]
769 387 840 464 165

199 537 240 645 et
283 581 416 648 stntum
463 583 586 645 eorum
637 569 828 670 integrum·
868 581 908 646 e't
952 571 1101 650 illesum
1153 575 1397 652 observarent

200 701 360 778 Fructus
383 728 507 778 eurum
536 727 608 778 non
640 705 687 778 ed
714 713 954 800 possessorem
983 707 1109 800 praedii
1137 707 1395 803 pertinebant:

198 834 265 906 sed
283 835 491 931 reipublice
509 835 659 910 nomine
681 835 907 924 locabuntur,
935 859 979 910 ea
1002 837 1158 934 quidem,
1186 851 1225 912 ut
1242 841 1396 930 videtur,

199 965 298 1064 lege,
325 978 365 1040 ut
396 967 457 1063 qui
494 965 756 1055 redemerunt¹‚
790 965 909 1039 oleum
945 968 1217 1063 suppeditarent
1249 969 1400 1065 praemio

204 1120 413 1172 concessum
452 1099 650 1174 victoribus
685 1097 1005 1172 Panatheneiois·⁹.
1057 1097 1100 1172 Id
1134 1099 1164 1172 si
1202 1104 1401 1198 exceperis,

203 1227 323 1301 oleum
363 1253 546 1304 sacrarum
588 1229 759 1302 orborum
800 1251 845 1302 ex
889 1229 1008 1303 Attice
1051 1227 1172 1302 efferri
1211 1232 1399 1308 retitum³.

124 1343 132 1355 ’
205 1359 296 1436 Νοιι
340 1362 437 1436 enim
477 1371 566 1460 puto
608 1373 769 1436 mercatu
813 1362 940 1436 venale
972 1371 1062 1435 eret.
1122 1362 1263 1436 Iocum
1306 1365 1401 1438 circo

203 1491 321 1567 oienm
351 1517 503 1583 sacram,
545 1494 701 1569 etiamsi·
725 1496 763 1567 in
809 1517 902 1592 egro
940 1494 1081 1590 privato
1120 1503 1227 1581 esset,
1269 1516 1401 1590 purum

204 1659 286 1708 esse
312 1637 504 1734 oportebat
516 1640 544 1724 ⁴3
572 1637 760 1735 plerosque
791 1637 841 1710 itn
875 1636 1016 1733 positae,
1042 1646 1083 1708 ut
1111 1661 1134 1708 n
1167 1635 1225 1710 via
1254 1636 1421 1732 publiea·

206 1766 521 1866 conspicerentur.
572 1771 625 1844 At
655 1793 729 1870 quo
759 1772 840 1846 haec
866 1771 990 1844 omnia
1025 1768 1209 1844 tendunt?
1237 1769 1295 1843 Eo
1320 1793 1404 1866 pro·

205 1898 315 1986 fecto,
342 1909 382 1970 ot
403 1899 567 1998 genuine
590 1917 732 1996 sempe
753 1902 913 1974 olearum
933 1887 1040 1996 stirps
1062 1909 1278 1990 servaretur,
1305 1899 1404 1974 unde

205 2028 369 2101 surculos
394 2038 471 2098 tum
497 2028 713 2122 pinntnndos
738 2039 814 2100 tum
839 2028 1051 2100 inserendos
1074 2031 1265 2104 desumere
1282 2031 1406 2126 posset

204 2159 379 2258 agricole.
432 2157 533 2228 Nem
567 2179 691 2226 semen
724 2156 816 2228 oieae
842 2157 1035 2227 oleastrum
1053 2158 1193 2254 gignit:
1224 2161 1260 2232 in
1294 2184 1403 2256 quem

206 2282 350 2356 arboris
384 2290 515 2354 nature
545 2279 720 2352 continuo
754 2279 883 2378 vergit.
936 2281 1011 2352 Sed
1046 2281 1101 2352 his
1140 2309 1230 2358 snne
1262 2287 1407 2386 iegibus

210 2415 382 2490 effectum
415 2424 484 2500 est,
526 2411 707 2509 utquod
742 2409 885 2486 Plinius
920 2407 1020 2496 dicit,
1059 2410 1249 2484 “Athene
1282 2413 1408 2488 Pena-

206 2546 421 2622 tnermirum
445 2569 558 2620 suum
582 2545 703 2618 oleum
723 2552 1003 2641 perseumonter
1027 2540 1254 2618 obtinuerint
1266 2543 1319 2618 ⁵.''

287 2677 445 2775 “Prope
484 2677 600 2752 oleam
640 2689 719 2749 eret
755 2687 895 2772 puteus
935 2699 1042 2775 oquae
1081 2676 1193 2750 salure
1233 2676 1407 2770 (θάλασσα

208 2812 409 2911 'Emended
437 2834 544 2909 quern
571 2811 639 2882 sub
659 2807 784 2883 flatum
804 2808 880 2882 noti
898 2810 1009 2882 surdo
1028 2831 1213 2881 murmure
1230 2807 1405 2888 fluctuum

208 2948 324 3022 instar
367 2956 533 3039 strepere
575 2945 773 3017 narrabant
818 2943 1077 3016 Athenienses.
1143 2943 1228 3041 lpse
1271 2949 1408 3025 scilicet

209 3075 409 3173 Neptunus
452 3071 546 3144 hene
582 3070 814 3168 voraginem⁶
856 3082 1049 3167 aperuerat
1091 3073 1260 3161 tridente,
1302 3053 1440 3175 cujus¹

206 3206 329 3280 adhuc
355 3199 549 3298 vestigium
583 3200 619 3272 in
651 3223 738 3272 snxo
768 3185 850 3274 rivo
880 3223 1090 3296 expressum
1122 3203 1293 3278 restabat.
1327 3187 1408 3280 ⁸De

208 3337 314 3409 sonte
347 3331 444 3405 salso
480 3331 553 3405 noli
584 3331 760 3406 dubitare.
812 3329 913 3406 Nam
948 3333 1103 3406 erutus
1137 3335 1174 3408 in
1207 3361 1292 3411 arce
1326 3339 1409 3414 sons

209 3474 291 3542 erat
314 3476 421 3560 a‘quoe
446 3485 592 3553 amere,
618 3462 682 3560 qui
708 3463 911 3537 Etesiarum
939 3462 1026 3538 fletu
1056 3466 1140 3557 (sub
1164 3478 1281 3542 ortum
1304 3467 1408 3544 beni-

210 3595 318 3689 cuiae)
329 3593 485 3691 impleri,
505 3605 628 3692 postea
642 3597 830 3671 considere
844 3595 994 3685 solebat,
1013 3597 1216 3699 Clepspdro
1235 3601 1406 3678 dictus'.”

250 3822 259 3855 ¹
281 3826 349 3902 Lys.
376 3831 443 3896 108,
463 3829 512 3884 25.
540 3825 687 3900 ἐωνημένοι
711 3828 777 3885 τοὺς
874 3827 974 3905 ‘Lym
990 3847 1018 3904 p.
1036 3835 1103 3888 110.

211 3923 334 4003 nupseris
360 3923 419 3980 ταῖν
449 3923 553 4001 popinis
578 3922 628 3998 (cf.
657 3923 782 3982 Boeclth.
873 3926 885 3958 ⁶
907 3923 949 3982 lb.
976 3923 1064 3982 XIII.
1089 3931 1161 3995 1,2.
1196 3925 1249 3994 Cf.
1280 3931 1316 3990 ad
1343 3930 1405 3986 haee

212 4022 316 4080 OEeon.
333 4018 396 4076 Au.
410 4017 433 4074 1.
457 4036 487 4093 p.
499 4023 583 4092 327.)
623 4019 711 4094 igitur
729 4038 783 4078 oon
833 4018 928 4076 omnin
942 4018 1104 4094 Geopooics
1117 4019 1172 4079 IX.
1188 4038 1253 4076 cum
1266 4041 1407 4082 commen-

209 4113 328 4190 pecunin
339 4113 392 4172 hos
405 4112 512 4170 fruetus
529 4114 715 4186 redemerunt,
732 4117 782 4174 sed
833 4115 905 4175 torio
915 4113 1024 4174 Nicias.

212 4226 325 4268 munere
339 4209 506 4286 prestando.
872 4211 944 4270 ⁸V.
971 4219 1072 4287 praeter
1104 4209 1276 4270 Pausaniam
1311 4211 1405 4288 Hege.

253 4300 264 4332 ²
285 4302 449 4366 Aristoteles
461 4323 506 4382 ep.
517 4306 611 4366 Schol.
624 4307 711 4384 Soph.
725 4305 746 4366 l.
760 4307 782 4370 1.
833 4305 906 4370 siam
920 4325 965 4384 ep.
979 4307 1035 4364 Str.
1050 4307 1104 4366 lX.
1118 4304 1187 4375 396.
1200 4305 1245 4376 b.¹

250 4397 345 4458 ³11oe
361 4401 451 4464 innuit
474 4401 618 4462 Scholium
641 4403 676 4460 ud
701 4401 780 4462 Pind.
874 4403 884 4435 '
906 4400 985 4460 Ister.
1000 4420 1047 4476 ap.
1063 4399 1159 4460 SchoI.
1178 4400 1322 4476 Aristoph.
1344 4406 1403 4462 Av.

215 4492 309 4552 N.X.
327 4493 378 4559 64.
441 4561 447 4574 ἱ
814 4493 925 4568 ..1693.
945 4515 972 4570 p.
989 4493 1039 4554 63.
1065 4496 1139 4553 Sieb.
1181 4496 1227 4554 De
1247 4495 1303 4558 hoc
1330 4496 1404 4558 sonte
