3196 5100
193 365 322 433 Iuscn.
346 361 429 442 lx.]

353 899 504 982 Cnnss.
534 894 626 980 III.
681 895 809 978 Scor.
839 891 904 975 II.
961 893 1118 976 Inscn.
1147 894 1229 977 IX.

428 1121 670 1198 MARMOR
701 1115 1052 1196 ELGINIANUM
1086 1117 1151 1194 VI.

663 1347 757 1408 TAB.
781 1346 928 1408 XXXIII.

613 1523 616 1532 Ι
734 1571 868 1620 -Φ-

430 1774 549 1839 Osann.
602 1771 722 1859 Syllog.
753 1798 785 1859 p.
805 1781 837 1840 Β.
892 1773 983 1840 Mus.
1000 1774 1075 1840 Cet.
1092 1783 1169 1842 282.

268 1924 419 2016 Funus
445 1939 539 2012 inter
564 1939 809 2012 Athenienses
836 1950 874 2009 et
895 1933 1088 2038 Rheginos
1118 1939 1155 2013 in
1184 1942 1256 2013 hoc
1278 1939 1397 2038 lupide

195 2070 367 2166 (Athenis
399 2067 561 2163 reperto)
595 2063 799 2138 exhibetur.
849 2065 935 2138 dum
974 2065 1202 2140 Viscontius¹
1232 2094 1253 2140 e
1290 2067 1397 2142 Thu·

194 2201 333 2297 cydidis
350 2198 450 2271 loco²
468 2197 659 2293 Rheginos
677 2219 757 2268 cum
777 2191 1067 2267 Atheniensibus
1084 2197 1238 2291 antiquo
1256 2197 1398 2273 foedere

186 2331 337 2430 junctos
356 2349 436 2399 esse
453 2325 624 2398 ostendit.
666 2324 769 2398 'Cum
799 2333 921 2396 autem
940 2323 999 2396 vix
1021 2323 1173 2398 dubium
1188 2325 1235 2398 sit
1252 2328 1341 2422 quin
1359 2328 1398 2399 in

195 2479 374 2530 marmore
402 2466 526 2527 nostro
553 2455 745 2551 Apseudes
767 2454 916 2526 Archon
945 2461 1176 2539 memoretur,
1206 2453 1399 2551 Apseudes

195 2597 315 2660 eutem
335 2587 395 2661 Oi.
410 2609 564 2660 nxxxvr.
580 2600 615 2658 4.
638 2586 783 2658 Archon
798 2593 907 2671 esset,
927 2584 986 2657 ilio
999 2583 1146 2657 demum
1164 2609 1263 2660 anno
1277 2587 1393 2660 foedus

195 2728 420 2804 renovatum,
448 2726 485 2788 et
508 2726 672 2789 nostrum
701 2738 857 2786 marmor
883 2711 1096 2810 inscriptum
1124 2739 1206 2812 esse¹
1228 2718 1396 2793 arbitror.

195 2856 239 2928 In
274 2877 452 2927 murmore
481 2865 603 2940 autem
638 2852 732 2922 udeo
760 2848 887 2921 mutilo
917 2849 1055 2958 uliquid
1087 2876 1155 2946 pro
1181 2867 1282 2929 certo
1307 2881 1395 2931 ren·

193 2986 310 3058 ditare
335 2981 580 3079 periculosum
608 2988 716 3049 esset.

271 3109 445 3182 Ossnnus
485 3105 760 3201 inscriptionem
795 3102 987 3177 restituere
1019 3115 1173 3180 conotus
1208 3122 1289 3200 est,
1335 3117 1395 3189 cui

193 3255 316 3314 temen
341 3236 497 3335 pessime
522 3261 580 3310 res
603 3233 722 3308 cessit.
767 3233 823 3306 ltu
847 3231 963 3328 primu
988 3235 1100 3309 verbu
1126 3238 1228 3338 legit.

268 3405 279 3442 ι
305 3370 368 3456 τὴν
384 3370 574 3465 ξυμμαχίαν
595 3373 662 3439 τῶν
683 3366 855 3452 Ἀθηναίων
875 3367 927 3436 καὶ
949 3373 1018 3438 τῶν
1041 3375 1193 3462 Ρηγίυων
1211 3369 1397 3471 Κλέανδρος

195 3510 384 3602 Ξενοφίλου
399 3558 523 3576 ......
538 3507 680 3596 Ρηγῖνος
710 3492 863 3586 Σενληνός
889 3507 997 3572 Φοκο.
1013 3558 1020 3574 .
1035 3555 1044 3572 .
1059 3503 1114 3576 ἐπὶ
1137 3503 1309 3600 Adsiduus
1338 3506 1395 3608 ἄρ-

193 3672 311 3736 χοντος
345 3631 544 3734 Kerponidor
578 3633 841 3731 πρυτανευούσης
875 3629 1028 3719 Σωτάδης
1061 3643 1192 3731 πρῶτος
1222 3640 1392 3737 ἆγραμμά.

193 3801 306 3840 τενεν.
323 3824 330 3840 .
349 3763 498 3860 ..ἔδοξεν
519 3773 565 3869 τῇ
590 3767 700 3866 βουλῇ
726 3768 778 3836 καὶ
805 3765 854 3855 τῷ
878 3761 965 3858 δήμῳ
988 3767 1167 3850 Ἀθηναίων.

268 3900 317 3968 At
352 3895 477 3969 debuit
514 3897 636 3968 videre
672 3893 842 3966 Osannus
882 3893 1013 3966 nullius
1054 3893 1217 3994 Rhegini
1258 3923 1392 3972 nomen

192 4034 229 4102 in
255 4033 352 4102 hunc
380 4030 500 4102 locum
524 4027 625 4126 injici
652 4051 769 4122 posse,
795 4052 876 4100 cum
902 4027 1093 4100 manifesto
1119 4028 1178 4102 hic
1204 4030 1388 4104 decretum

192 4160 314 4256 popuii
341 4162 387 4232 dc
427 4160 568 4233 foedere
602 4181 683 4229 cum
716 4157 898 4255 Rheginis
931 4157 1128 4230 sanciendo
1159 4170 1388 4238 memoretur.

233 4361 392 4420 ¹Viscouti
428 4361 498 4418 Two
537 4359 685 4429 biemoirs,
712 4358 765 4414 dcc.
860 4355 1019 4433 ''l'huryd
1042 4357 1096 4417 111.
1120 4356 1167 4418 86.
1214 4359 1261 4420 Cf.
1286 4378 1391 4436 quoque

85 4465 91 4476 ’
194 4465 307 4529 pisa.
820 4451 1148 4527 't'hncyrt.vt.5o,5r.
