3188 5102
510 1029 660 1108 Curso.
689 1016 740 1102 V.
795 1022 946 1106 lusca.
975 1026 1012 1104 Ι.

439 1272 674 1346 MARMOR
709 1269 1094 1345 SANDVICENSE.

551 1511 669 1571 rann.
692 1483 820 1581 x'Lvu,
843 1507 982 1567 xuvur.

697 1761 842 1802 «φύ-

11 2035 35 2054 .
167 1978 325 2061 Teylorus
365 1977 397 2040 in
431 1977 536 2040 libello
579 1975 629 2039 cui
663 1973 768 2038 titulus
810 1972 984 2036 “Marmor
1023 1971 1245 2046 Sandvicense,
1278 1968 1362 2034 Μ’
1390 1993 1393 1996 ·

217 2091 383 2173 (Cantabr.
411 2090 518 2162 1743.)
560 2088 657 2152 Maff.
680 2087 770 2150 Mus.
791 2086 908 2148 Veron.
929 2082 1194 2149 CCCCXXlX.
1238 2081 1364 2147 Cor'siui

217 2208 257 2268 de
289 2203 365 2267 Not.
392 2201 497 2264 Graec.
526 2198 613 2263 Dias.
637 2198 695 2260 VI.
741 2197 847 2260 Nouv.
881 2194 1203 2260 Bibl.Tom.XV1.
1231 2219 1265 2278 p.
1288 2202 1363 2260 2³8.

219 2315 340 2380 Bockh.
358 2313 668 2394 Staatshaushaltung
682 2312 736 2373 der
749 2308 901 2375 Athener.
917 2306 1015 2371 Torn.
1032 2305 1079 2371 Il.
1098 2331 1130 2390 p.
1148 2316 1223 2372 214.

11 2489 27 2508 ⁶
137 2561 142 2570 .
243 2489 342 2576 Hoc
376 2525 531 2574 marmor
565 2499 726 2574 Athenis
752 2523 836 2570 us.
873 2505 980 2585 1739.
1010 2503 1193 2591 repertum
1230 2493 1360 2566 Comes

167 2631 423 2706 Sandvicensia
445 2653 600 2728 peregre
630 2628 773 2701 rediens
795 2629 832 2698 in
864 2623 1031 2723 Angliam
1060 2620 1211 2697 advexit.
1264 2621 1363 2696 Pub-

166 2765 227 2836 lici
262 2763 357 2862 juris
391 2762 478 2836 fecit
517 2761 700 2859 Taylorus
742 2762 778 2832 in
812 2758 934 2852 libello
976 2782 1083 2853 supra
1118 2745 1240 2845 citato,
1267 2754 1362 2830 notis

168 2893 253 2964 natis
274 2891 390 2963 doctis
417 2894 480 2962 aed
506 2890 760 2985 prolixioribus
786 2886 946 2984 adjectis.

244 3017 352 3106 Quod
370 3017 517 3110 scopum
537 3014 722 3086 marmoris
739 3013 881 3101 attinet,
898 3013 983 3085 satis
1002 3022 1102 3107 patet
1113 3013 1135 3101 ¹,
1155 3024 1195 3086 ut
1212 3012 1364 3111 Taylori
1429 3037 1434 3045 ·

167 3146 287 3222 verbis
312 3156 393 3218 utar
403 3147 428 3234 ⁹,
453 3143 600 3240 “lonas
625 3143 908 3240 antiquissimam
928 3141 1082 3216 Graeciae
1103 3151 1262 3241 gentem,
1288 3165 1363 3214 una

168 3298 249 3347 cum
269 3274 466 3372 Cycladum
493 3273 621 3362 incolis
643 3272 810 3346 solennes
835 3271 988 3345 maxime
1007 3282 1044 3344 et
1065 3271 1251 3370 religiosas
1270 3271 1364 3344 infe·

168 3403 238 3478 rias
256 3405 292 3475 iu
311 3403 406 3476 Delo
421 3402 506 3477 olim
524 3402 778 3476 concelebrare
798 3426 876 3476 esse
894 3402 1030 3476 solitos.
1075 3401 1227 3475 Deliaca
1241 3413 1363 3475 autem

168 3527 232 3600 ubi
253 3529 385 3601 accidit
410 3538 450 3601 ut
467 3497 541 3624 'per
564 3528 703 3623 aliquot
726 3551 843 3600 annos
861 3526 1187 3623 interpellarentur,
1212 3527 1364 3601 Atheni·
1498 3541 1501 3548 ’

65 3677 67 3680 ·
168 3679 273 3728 enses
300 3657 362 3753 qui
377 3657 455 3755 jam
480 3657 518 3730 in
541 3659 622 3734 loeo
652 3658 884 3754 antiquorum
905 3656 1034 3730 Ionum
1064 3666 1196 3746 essent,
1220 3657 1363 3754 Olymp.

168 3811 352 3862 uxxxvrrr.
369 3815 467 3863 anuo
498 3791 605 3863 tertio
631 3789 882 3884 solennitatem
907 3789 1166 3875 instaurabant,
1193 3789 1362 3884 patriam·
1503 3789 1504 3792 ’

167 3943 240 4016 que
286 3921 512 4020 religionem,
557 3934 686 4017 quarto
733 3921 859 4020 quovis
900 3945 997 3994 anno
1039 3921 1272 4009 redituram,”
1309 3921 1363 4016 (iu

167 4053 276 4148 quod,
310 4064 350 4125 ut
382 4053 467 4125 alibi
499 4054 586 4142 dixi,
623 4050 885 4152 Πενταετῆριδα,
921 4053 1057 4140 Graeei,
1092 4075 1174 4126 cunr
1205 4055 1362 4149 primum

166 4192 243 4254 tum
276 4192 496 4278 postremum
531 4208 666 4258 annum
697 4196 940 4274 numerantes,
975 4183 1156 4276 dixerunt)
1188 4186 1233 4258 de
1270 4209 1363 4264 novo

247 4413 256 4446 ¹
279 4415 325 4478 Gi.
340 4415 470 4497 Thucyd.
486 4421 541 4484 lll.
559 4429 625 4482 104.
667 4425 759 4483 Strab.
775 4425 814 4482 X.
827 4445 855 4500 p.
869 4431 939 4486 485.
1030 4425 1041 4456 ¹
1062 4423 1178 4501 Taylor.
1193 4442 1222 4499 p.
1237 4427 1283 4490 1⁵.

730 4529 761 4594 R
779 4549 801 4594 a
