3196 5100
200 364 325 428 'lusum
348 357 431 436 XL]

297 771 302 782 '
347 803 500 884 cass.
528 802 620 883 111.
680 803 809 906 saer.
838 805 900 886 11.
960 804 1118 888 rusca.
1148 808 1232 890 xr.

413 1014 653 1091 MARMOR
678 1016 1034 1094 ELGINIANUM
1063 1023 1169 1096 Vlll.

675 1222 766 1279 TAB.
790 1225 920 1282 XXXV.

720 1449 869 1489 —4-

445 1647 567 1714 Osann.
591 1647 671 1731 Sylt.
690 1671 724 1733 p.
741 1655 794 1712 32.
847 1649 936 1714 Mus·
956 1647 1029 1714 Cat.
1051 1659 1121 1723 159.

269 1798 392 1890 Hauc
429 1815 656 1913 epigraphen
698 1797 956 1886 Atheniensem
1003 1813 1130 1906 (hodie
1172 1816 1207 1886 in
1257 1815 1393 1890 Museo

195 1944 409 2018 Britannico
440 1941 674 2033 asservatam)
711 1941 755 2010 ad
786 1940 969 2034 publicum
1008 1945 1188 2036 quoddam
1225 1969 1316 2041 opus
1346 1949 1393 2020 ab

166 2073 481 2147 'Atheniensibus
533 2071 744 2142 suscitatum
790 2069 919 2141 referri
966 2072 1101 2142 debere
1151 2074 1236 2147 satis
1280 2091 1393 2172 patet.

192 2202 368 2294 Quamvis
406 2198 528 2270 mutila
555 2199 612 2285 sit,
637 2198 760 2293 aliqua
787 2208 908 2268 tamen
940 2199 1051 2269 habet
1084 2197 1395 2281 animadversione

192 2338 289 2408 haud
327 2335 487 2432 indigna.
539 2331 753 2404 Notandum
789 2341 844 2402 est
879 2330 938 2402 hic
973 2340 1393 2439 ΗΟΑΡΧΙΤΕΟΠΟΝ)
1534 2315 1535 2319 ¹

189 2491 259 2563 pro
288 2490 332 2538 eo
363 2465 460 2562 quod
489 2461 752 2558 expectavisses
785 2471 1166 2564 ΗΑΡΧΙΤΕ(ΚΤΟΝ)
1198 2469 1329 2559 scribi;
1358 2487 1395 2547 et

190 2609 315 2693 postea
350 2619 473 2669 vocem
521 2602 621 2670 ΟΣΑ
666 2594 884 2690 aspiratione
916 2595 1065 2668 omnino
1106 2600 1254 2693 privari.
1302 2603 1392 2695 Quis

190 2728 467 2800 Atheniensium
515 2723 791 2796 inconstantiam
831 2725 868 2796 in
916 2726 984 2797 hue
1022 2751 1062 2798 re
1097 2753 1170 2801 non
1202 2733 1289 2830 jure
1327 2735 1391 2806 mi·

189 2857 315 2931 ratur?
359 2858 524 2929 Marmor
574 2863 661 2926 ante
712 2853 1010 2948 orthographiam
1056 2860 1284 2931 emendatam
1332 2862 1389 2934 in·

187 2991 356 3080 scriptum
385 3007 465 3053 esse
485 2981 597 3074 multa
620 2978 827 3050 ostendunt.
882 2982 916 3043 H
944 3001 976 3046 e.
990 3003 1029 3072 g.
1058 3003 1125 3072 pro
1152 2985 1386 3076 aspiratione,

186 3121 317 3192 breves
342 3115 483 3188 vocales
509 3109 736 3208 pro'loogis
763 3117 824 3182 ΧΣ
850 3128 915 3200 pro
943 3111 986 3175 Ξ.

262 3249 434 3318 Osannus
464 3234 685 3336 Ulpianum¹
709 3235 920 3332 publicanos
949 3236 1032 3308 aeris
1055 3240 1208 3313 theorici
1228 3268 1258 3336 a
1284 3269 1386 3341 spec-

185 3376 361 3451 tatoribus
375 3374 411 3444 in
425 3375 566 3446 theatro
581 3367 741 3442 solvendi
756 3368 998 3466 ἀρχιτέκτονας
1008 3371 1178 3466 appellari
1194 3375 1383 3448 ducentem

184 3511 378 3594 advocans,
397 3508 491 3578 hanc
511 3502 776 3598 inscriptionem
793 3525 877 3618 puae
894 3503 1108 3596 ἀγωνοθέτας
1124 3520 1296 3580 memorat
1308 3534 1382 3582 rem

184 3638 372 3711 Scenieam
398 3647 561 3732 spectare
589 3642 705 3728 putat.
760 3631 802 3702 ln
829 3631 927 3703 linea
955 3635 1116 3706 secunda
1145 3636 1236 3735 legit
1258 3648 1382 3754 ΤΕΥξ

185 3776 372 3848 ΜΙΚνΘΟ
398 3777 434 3837 et
458 3774 582 3860 postea
607 3763 778 3834 mendose
806 3771 1159 3844 ΝΕΡΔΟΝΟΣΑΔ.

222 3979 231 4014 ¹
254 3983 365 4059 Ulpian.
380 3985 415 4041 ad
434 3981 581 4042 Demosth.
606 3991 615 4038 1
636 3977 755 4055 Olynth.
771 3997 798 4052 p.
814 3983 861 4036 13.
882 3980 935 4038 Ed.
951 3981 1034 4039 wolf.
1068 3981 1114 4040 Cf.
1128 3983 1237 4041 Btirkh.
1252 3983 1336 4045 Tem.
1351 3985 1378 4044 1.

720 4091 749 4146 p.
763 4079 833 4139 287.
