3158 5104
801 395 871 460 128
1189 391 1340 476 [cmss.
1363 395 1424 464 111.

218 561 257 638 id
279 559 391 635 fuisse
418 584 550 634 munus
574 569 678 659 putat
706 569 747 634 ut
774 585 822 635 ex
847 559 970 635 insulis
995 561 1169 636 tributum
1196 563 1423 665 colligerent,

222 717 376 792 eamque
393 707 564 770 πολιτειαν
580 719 664 795 quoe
682 695 719 768 in
738 695 892 796 singulis
912 695 1108 769 constituta
1124 706 1204 769 erat
1219 707 1427 775 tuerentur.

222 829 330 920 Quod
351 853 375 902 a
392 855 480 905 vero
497 831 645 904 omnino
662 831 836 904 alienum.
885 828 962 903 Sed
986 839 1068 927 post
1084 829 1429 930 trigintatymnnos

222 972 369 1036 exactos
395 953 485 1037 nulli
510 964 697 1038 constituti
723 974 809 1037 sunt
838 961 1130 1050 Hellenotamioe,
1164 963 1262 1036 uude
1290 963 1427 1040 factum

222 1109 276 1172 est
300 1107 485 1174 uteorum
511 1125 663 1175 munera
687 1101 902 1201 ignorarent
928 1097 1211 1196 Lexicograpbi.
1264 1097 1365 1173 Dum
1389 1101 1426 1174 in

222 1234 318 1312 Dolo
355 1247 559 1310 servaretur
598 1233 826 1320 Thesaurus,
871 1231 1164 1318 Hellenotamioe,
1201 1242 1243 1306 ut
1273 1233 1426 1319 videtur,

221 1377 259 1441 et
282 1363 474 1441 ἀποδέκτων
494 1376 532 1440 et
556 1371 685 1448 ταμίων
711 1387 862 1438 munere
885 1341 1003 1443 functi
1029 1375 1125 1447 sunt,
1152 1375 1281 1462 postea
1300 1378 1424 1442 autem

220 1521 328 1596 quam
355 1499 400 1570 ad
430 1497 594 1569 Athenas
621 1493 879 1570 transferretur
900 1520 975 1569 non
1002 1495 1071 1568 nisi
1096 1479 1297 1594 posteriori.
1351 1499 1425 1572 litis

220 1651 311 1727 ergo
333 1626 439 1701 initio
463 1627 651 1724 negotium
673 1636 754 1699 erat
775 1637 817 1700 ut
835 1625 1039 1724 pecuniam,
1064 1651 1136 1726 qua
1157 1629 1204 1701 ad
1226 1652 1315 1702 usus
1338 1629 1443 1718 betti¹

219 1779 313 1855 opus
354 1767 444 1845 arat,
489 1781 511 1830 e
550 1758 722 1830 thesauro
759 1767 992 1831 numerarent
1003 1785 1015 1844 ,·
1059 1769 1185 1854 postea
1210 1768 1341 1834 ,autem
1361 1741 1423 1832 ¹ut

219 1889 392 1987 operibus
412 1885 576 1984 publicis,
604 1887 715 1978 testis,
740 1887 865 1977 sacris,
888 1889 995 1962 rebus
1020 1888 1229 1964 theatricis¹
1255 1901 1424 1986 sumptus

155 2111 161 2130 ,
219 2019 547 2098 subministrarent.
601 2019 790 2093 Enostro
821 2043 998 2094 marmore
1027 2029 1149 2093 eutem
1180 2029 1324 2093 constat
1354 2021 1424 2093 alis

220 2175 367 2251 quoque
390 2175 541 2225 munera
559 2149 838 2224 Hellenotamiis
861 2161 991 2246 postea
1015 2150 1150 2224 tributa
1170 2173 1260 2226 esse.
1308 2149 1421 2223 Haud

219 2283 316 2358 enim
330 2281 432 2356 festis
443 2293 610 2380 sumptus
629 2291 771 2355 tantum
788 2282 1069 2392 snppepinbant
1085 2283 1149 2356 sed
1159 2279 1284 2377 aliqua
1300 2281 1420 2368 etiam,

218 2439 302 2513 quae
331 2415 378 2486 ad
405 2437 448 2486 ea
476 2413 719 2510 pertinebant,
752 2414 942 2488 curabant.
995 2412 1092 2509 Equi
1121 2411 1259 2486 scilicet
1288 2413 1419 2510 quibus

218 2543 383 2644 plurimis
417 2545 455 2617 in
491 2544 751 2619 Panathenaeis
785 2546 941 2644 aliisque
967 2544 1071 2618 festis
1103 2543 1161 2616 usi
1191 2555 1278 2618 sunt
1308 2547 1420 2619 Athe·

219 2667 378 2765 riienses,
413 2699 538 2751 eorum
574 2699 673 2751 curae
697 2663 888 2752 ‘commissi
920 2684 1017 2748 sunt.
1064 2673 1239 2771 Duplices
1274 2699 1421 2774 quoque

217 2807 376 2898 obolon,
410 2806 514 2879 ludos
540 2807 730 2903 spectandi
758 2807 928 2903 pretium,
959 2806 1105 2878 eosdem
1135 2804 1233 2901 plebi
1259 2807 1423 2883 divisisse

218 2961 264 3012 ex
282 2931 412 3010 boeot
432 2907 597 3033 proxim
616 2959 796 3008 marmore
816 2935 903 3007 satis
921 2945 1075 3008 constat.
1128 2933 1306 3010 Nondum
1324 2939 1420 3012 enim

218 3071 240 3155 ἡ
271 3068 363 3167 ἀρχοὶ
402 3070 461 3143 ἐπὶ
499 3069 549 3162 τῷ
586 3073 737 3166 θεωρικῷ
745 3066 760 3106 ³
801 3066 1001 3141 constituta
1034 3075 1124 3138 ent.
1176 3064 1269 3156 Quis
1298 3078 1421 3142 nutem

217 3200 489 3286 Ἑλληνοταμίων
519 3222 692 3274 numerus
719 3207 826 3288 esset,
856 3195 1005 3270 minime
1034 3205 1185 3270 constat.
1238 3195 1420 3278 Undecim

219 3339 342 3404 nostro
384 3353 562 3406 marmore
604 3328 781 3402 nominati
825 3338 922 3402 sunt.
991 3326 1065 3400 Sed
1099 3349 1183 3400 oum
1224 3325 1280 3424 (id
1309 3327 1421 3425 'quod

219 3463 410 3540 Buckuio⁴
427 3464 583 3551 videtur,
615 3473 764 3536 atvero
789 3460 937 3558 quidem
965 3458 1080 3534 simile
1108 3453 1179 3548 est)
1206 3459 1304 3531 baud
1332 3459 1421 3532 anni

218 3597 336 3688 initio,
352 3597 419 3678 sed
435 3609 516 3696 post
534 3595 785 3671 Panatbenaea
802 3593 1028 3691 primamque
1046 3592 1270 3690 Prybniam,
1288 3591 1420 3690 magis·

218 3737 350 3804 tratum
381 3727 602 3826 occeperint,
626 3749 673 3801 ex
694 3724 738 3798 iis
760 3725 835 3799 duo
857 3722 970 3822 priori
990 3745 1089 3796 anno
1111 3721 1304 3796 tribuendi.
1319 3732 1418 3795 sunt.

220 3855 364 3934 Nouem
406 3883 499 3961 ergo
529 3859 567 3934 iu
606 3861 676 3936 boo
710 3881 889 3934 marmore
929 3854 1172 3930 nominantur.
1235 3853 1419 3938 Biickbius

261 4127 270 4160 ¹
293 4123 338 4181 Cf.
353 4123 496 4184 Plutarch.
520 4127 608 4192 Arist.
622 4133 671 4188 24.
693 4123 792 4186 Pericl.
884 4121 896 4154 ³
917 4121 963 4182 Cs.
979 4121 1077 4180 AEscb.
1089 4139 1116 4177 c.
1131 4119 1209 4178 Ctes.
1224 4139 1253 4194 p.
1268 4115 1339 4191 416,
1350 4124 1417 4176 418.

223 4224 270 4277 lt.
847 4222 933 4280 Dem.
954 4219 988 4274 de
1010 4219 1077 4276 Cor.
1097 4238 1128 4294 p.
1150 4215 1217 4278 264.
1260 4215 1333 4278 on.
1354 4219 1417 4291 sn.

258 4313 339 4376 'Ct
363 4314 481 4376 Aristot.
505 4315 567 4372 1³01.
590 4315 630 4373 11.
653 4319 682 4374 5.
724 4313 794 4373 Lex.
845 4335 873 4391 p.
889 4311 957 4374 264.

221 4412 286 4487 Seg.
309 4432 338 4488 p.
359 4417 429 4478 237.
450 4421 479 4471 et
505 4427 603 4469 omues
631 4409 797 4484 benicogra·
885 4417 897 4453 ⁴
918 4409 1028 4469 neem
1048 4411 1120 4468 tiber
1138 4409 1183 4468 die
1204 4403 1420 4471 Stnutbnusbal-

220 4510 301 4584 phos.
846 4517 916 4584 tung
928 4509 976 4568 der
985 4505 1123 4574 Athenon
1139 4507 1164 4570 1.
1180 4513 1249 4576 192.
