3158 5104
131 411 259 478 lusca.
278 403 328 499 l.]
707 411 780 491 107

133 598 251 672 Certo·
279 604 402 670 autem
440 592 573 668 certius
608 603 679 692 est,
721 592 759 667 id
798 593 898 691 quorl
935 591 1067 666 fatetur
1106 589 1322 676 Bimardiust

129 727 267 802 nullam
288 735 370 822 post
393 726 593 796 ΜΕΛΑΒΟ
619 722 759 797 literam
788 723 826 796 in
851 721 1040 796 Marmore
1059 721 1167 794 hodie
1184 733 1320 794 armare¹

131 858 325 950 Quendam
342 881 364 929 e
382 851 480 929 tribu
504 853 760 942 Erechtheide,
787 853 846 928 cui
873 852 1029 953 Megaro
1056 875 1189 926 nomen
1212 858 1321 935 esset,

130 1013 199 1062 suo
215 997 361 1084 sumptu
386 987 456 1060 hoc
480 1010 637 1060 marmor
660 987 868 1084 ponendum
891 989 1038 1058 curasse
1062 993 1167 1082 putat
1193 982 1325 1057 Mons«

131 1117 325 1193 fauconius
365 1128 403 1192 et
444 1117 601 1206 ἀνέθηκεν
638 1117 913 1217 intelligendum
955 1127 1089 1204 monet,
1129 1139 1216 1214 quae
1249 1135 1325 1185 neo

131 1247 398 1322 Atheniensum
425 1273 514 1333 mos,
542 1255 609 1321 n'ec
643 1247 916 1344 inscriptionum
941 1247 1056 1346 leges,
1090 1269 1160 1320 nee
1182 1245 1325 1346 linguar

133 1379 285 1455 Graecae
307 1381 444 1454 indoles
468 1379 668 1478 patiuntur.

209 1511 384 1588 Maffeius
401 1523 600 1610 postremas
616 1512 712 1586 tituli
727 1535 833 1586 voces
851 1512 900 1585 ita
917 1509 1109 1612 conjungit
1119 1539 1132 1598 ;
1159 1509 1327 1608 Me'vyupor

130 1648 168 1720 ἐν
187 1651 240 1740 τῷ
254 1625 345 1737 alep
366 1643 504 1739 ἑνιαύτῳ
519 1652 740 1743 Στρατηγῶν·
768 1645 865 1743 quod
886 1667 1007 1743 neque
1029 1666 1166 1733 verum,
1186 1664 1322 1742 neque?

132 1778 164 1851 si
181 1800 241 1852 res
260 1775 311 1848 ita
327 1800 367 1849 se
382 1777 582 1868 habuisset,
594 1799 708 1874 quare
722 1775 759 1848 in
773 1775 843 1848 hoc
858 1797 1035 1848 marmora
1052 1783 1321 1863 memoraretur,

134 1933 203 1983 nos
220 1907 356 1980 ¹(locuit
378 1905 444 1980 Vir
471 1899 541 1982 Cl.'
578 1907 781 1982 Praeterea-
798 1907 886 2006 quid
919 1905 984 1978 tali
1004 1905 1170 2006 Syntaxi
1200 1903 1328 1979 durius

133 2035 339 2138 excogitari
364 2033 511 2134 potuit?

211 2169 369 2267 Propius
392 2171 437 2242 ad
462 2170 651 2244 ueritatem
684 2169 828 2244 accedit
862 2168 1088 2243 Bimardius¹
1127 2168 1202 2266 qui,
1238 2191 1328 2241 cunr

135 2300 377 2400 Thucydides
403 2301 533 2374 eodem
551 2325 648 2376 anno
673 2323 750 2399 quo
771 2301 809 2373 in
842 2301 978 2399 Cypro,
1015 2299 1195 2399 AEgypto,
1230 2297 1327 2396 apud

134 2431 290 2506 Halieas
308 2442 345 2504 et
364 2430 568 2532 inAEgina,
589 2431 755 2532 Megaris
770 2432 878 2505 etiam
891 2440 1092 2532 pugnatum
1107 2453 1185 2504 esse
1197 2430 1326 2516 tradat,

135 2563 258 2639 nullus
272 2562 415 2638 dubitat
432 2562 519 2662 quin
537 2564 574 2637 in
594 2585 771 2638 marmore
788 2562 1020 2662 Megarensis
1038 2585 1185 2660 quoque
1202 2583 1327 2660 pugna

137 2705 336 2770 memorata
368 2694 492 2779 fuerit.
554 2691 661 2787 Quod
687 2705 807 2768 autern
833 2693 932 2782 dicit,
958 2693 1068 2767 fuisse
1094 2690 1330 2790 proculdubio

138 2827 179 2900 in
205 2850 385 2901 marmore
416 2825 744 2919 ΜΕΛΑΒΟΙΣΤΕ,
782 2826 819 2898 id
854 2825 958 2899 nullis
982 2823 1213 2925 {argumentis
1241 2845 1329 2895 con·
1463 2827 1467 2840 '

138 2959 269 3034 firmat
316 2957 405 3032 Non
425 2957 492 3031 nisi
511 2957 619 3031 unius
630 2957 746 3031 literae
759 2956 796 3031 in
813 2979 991 3032 marmore
1004 2964 1104 3028 extat
1115 2954 1330 3053 vestigium

136 3115 224 3189 quae
250 3087 390 3188 Sigara,
414 3111 533 3170 necne
564 3099 673 3174 esset,
707 3087 859 3162 omnino
893 3085 1055 3159 dubium.
1113 3084 1330 3156 ΜΕΛΑΒΟΙ

138 3245 231 3322 ergo
248 3220 444 3321 legendum
460 3229 558 3318 puto,
578 3244 663 3319 quae
678 3243 747 3294 vox
761 3220 901 3320 ,legitur
919 3218 1015 3314 apud
1035 3208 1330 3312 Aristophanem²

141 3365 179 3430 et
195 3347 419 3426 Platonem⁵.
466 3351 725 3452 Conjunotioni
741 3385 798 3437 τε,
819 3361 860 3424 ut
876 3360 976 3424 recte
994 3345 1188 3424 Mall'oius⁴
1215 3353 1239 3389 “
1255 3366 1332 3418 non

142 3495 369 3584 opportunus
394 3482 453 3554 hio
468 3481 572 3555 locus
596 3493 634 3555 et
655 3481 766 3555 dictio
793 3483 968 3582 Μεγάροις
994 3515 1046 3565 τε,
1072 3477 1114 3553 in
1128 3475 1333 3575 Megaride,

143 3627 228 3715 apte
253 3614 436 3712 loquendo
463 3612 820 3714 non‘significaratff’

216 3745 369 3826 Omnes,
382 3745 464 3818 libri
498 3737 689 3821 adunam
714 3755 799 3818 ante
829 3749 900 3820 ΤΟ
923 3747 1081 3822 Arm,
1102 3745 1333 3837 ΕΝΙΑΥΤΟ,’

150 3879 205 3946 ΕΝ
236 3875 382 3966 dedere,
415 3899 521 3975 quam
546 3897 671 3950 vocem
697 3874 733 3948 in
761 3898 938 3949 marmore
963 3895 1148 3971 nunquam
1174 3872 1333 3947 extitisse

149 4009 281 4086 ludum
310 4017 505 4082 notaverat,
522 4001 730 4095 Malleius⁵,
763 4016 878 4104 atque
906 4006 1002 4079 idern
1034 4025 1153 4076 meum
1179 4026 1335 4104 apogra-

150 4143 260 4238 phum
283 4136 498 4216 confirmat·
513 4149 518 4188 ³
540 4133 713 4213 Moffeius
733 4148 856 4214 autem
880 4157 958 4212 suae
979 4135 1170 4211 sententia
1189 4135 1334 4211 oblitus

153 4375 161 4386 '
187 4367 198 4400 ³
221 4368 298 4427 Dias.
314 4367 340 4427 1.
360 4388 388 4444 p.
404 4374 453 4427 42.
638 4371 641 4380 ‘
887 4363 903 4401 ⁴
921 4367 997 4427 Mus.
1012 4368 1117 4431 Veron.
1133 4389 1161 4446 p.
1175 4384 1306 4440 cccoxr.

6 4515 11 4546 ,
152 4479 157 4490 ·
189 4463 202 4494 ¹
222 4465 368 4542 Aristoph.
383 4465 507 4526 Acharn.
520 4469 589 4532 758.
887 4457 899 4494 ⁸
920 4461 976 4522 l'bi
989 4483 1082 4544 supra.

192 4557 205 4588 ³
226 4557 300 4620 Plat.
312 4557 447 4621 Theaetet.
461 4570 495 4636 p:
506 4563 572 4622 142.
587 4557 622 4622 C.
634 4555 696 4636 (ad.'
706 4561 841 4636 Serran.)
