3204 5104
177 416 301 483 ixscn.
321 406 371 504 1.]
419 359 421 366 Α
715 501 720 511 .
747 423 799 504 37

172 615 250 666 esse
270 593 477 666 ostendant.
528 593 602 670 Alii
622 596 851 674 Decennales
876 599 987 674 fuisse
1014 604 1215 680 Archontes
1246 607 1366 700 Eleos,

171 735 207 796 et
238 724 351 796 finem
392 724 539 798 foederis
575 728 642 801 sub
680 728 749 817 ilio,
786 731 850 826 qui
889 733 1052 808 decimus
1084 748 1181 810 esset
1217 741 1264 812 ah
1294 741 1365 813 icto

169 857 325 944 foedere,
364 855 468 928 innui
503 869 644 955 putant.
696 860 815 952 Quod,
851 873 892 936 ut
921 888 1006 938 vere
1041 866 1251 966 Knightius‚
1294 871 1365 948 aiio

167 1014 316 1087 prorsus
341 993 449 1066 modo
476 995 542 1090 (sc.
572 1027 603 1072 ες
634 995 740 1094 ἄρχον
768 991 921 1086 derasos)
957 999 1182 1096 concipiatur
1216 1029 1365 1080 necesse

168 1135 232 1196 est.
287 1123 568 1199 Boissonadius¹
605 1127 651 1200 de
686 1128 754 1200 hoc
793 1127 872 1201 ioco
907 1130 956 1204 ita
986 1129 1146 1226 loquitur
1172 1133 1249 1206 “Si
1286 1138 1365 1208 haec

169 1258 192 1288 “
208 1253 321 1330 rerba
348 1277 415 1350 pro
447 1253 573 1327 dativis
602 1267 788 1330 sumentur
816 1237 896 1330 duow
924 1267 1033 1330 erunt
1059 1257 1365 1356 interpretationis

169 1389 194 1419 ‘¹
210 1383 323 1476 modi,
361 1384 551 1470 Archoute
581 1385 730 1477 decimo,
762 1388 830 1477 vel,
863 1387 1048 1463 Archontc
1081 1391 1238 1466 Decato.
1292 1395 1365 1484 Qui

168 1520 310 1610 “prior
346 1519 465 1594 versio
491 1531 586 1594 stare
615 1522 737 1618 possit,
772 1549 844 1597 non
880 1526 975 1598 bene
1009 1527 1194 1625 inteilig03
1219 1551 1223 1554 ·
1250 1528 1364 1602 altera

168 1654 192 1690 “
211 1649 338 1724 melior
354 1675 435 1724 esse
458 1651 632 1726 videtur.”
687 1652 796 1727 Hanc
826 1667 1038 1730 tamennon
1062 1659 1130 1732 nisi
1155 1659 1264 1760 nugis
1283 1661 1362 1759 qui·

167 1780 317 1856 busdam
353 1785 398 1858 de
433 1784 639 1858 nominihus
673 1787 829 1884 propriis
860 1789 971 1888 longe
1004 1792 1212 1880 seriorihns,
1242 1784 1363 1891 qualia

165 1925 247 1987 suut
280 1926 419 2012 Πρωτη,
449 1927 614 2016 Δευτιρα,
657 1931 695 1990 et
729 1918 871 2007 similia,
914 1922 1077 1995 defendit
1092 1953 1103 2010 ;
1158 1935 1196 1998 et
1237 1934 1361 2020 postea

165 2073 263 2122 suam
293 2049 511 2124 sententiam
540 2051 699 2148 exponit.
752 2052 874 2126 Verba
900 2055 968 2126 hoc
998 2057 1103 2128 rnodo
1131 2058 1237 2130 vertit
1263 2059 1361 2129 “Ar-

165 2182 358 2257 f‘chontes
389 2195 516 2258 autem
552 2185 675 2257 decem
706 2187 846 2258 nunt?
899 2185 1110 2259 “Fuerunt
1138 2187 1273 2272 enim,”
1311 2187 1361 2260 ait
1460 2259 1465 2270 ,

163 2323 192 2353 “
195 2311 342 2416 forsan
366 2329 522 2416 utraque
551 2329 664 2417 gente
693 2317 898 2391 Archontes
928 2320 974 2390 ad
1003 2317 1232 2391 Dccennium
1268 2319 1360 2391 inte-

163 2457 309 2550 “grunr
338 2450 535 2543 constituti,
561 2450 612 2524 ita
639 2463 680 2523 ut
702 2452 828 2524 decern
858 2451 1063 2524 Archontes
1092 2451 1269 2524 sancitum
1295 2476 1359 2524 an·

165 2591 190 2624 “
206 2611 335 2660 norum
366 2597 511 2660 centurn
540 2597 682 2683 tempus
710 2584 908 2681 explerent.
948 2583 1121 2658 Paulum
1148 2581 1273 2656 turbat
1300 2583 1359 2657 hic

166 2724 294 2793 “usus
321 2719 420 2793 vocis
448 2729 607 2806 Δεκατοι,
633 2741 715 2792 curn
741 2727 834 2791 Δεκα
864 2727 1052 2814 expectes.
1105 2717 1218 2790 Forte
1249 2717 1356 2791 etiam

166 2852 346 2926 “divisim
380 2853 576 2952 legentium
604 2847 629 2922 d
659 2880 791 2938 εκατοι;
829 2859 867 2922 et
892 2883 1004 2924 ειιιιτοι
1037 2849 1106 2920 erit
1137 2848 1356 2946 adjectivum

164 2990 249 3062 “ab
273 3023 390 3062 εκατον
411 2988 615 3076 formatum,
633 3010 702 3060 nec
727 2985 815 3059 iilud
845 2987 905 3058 hic
931 2985 1078 3083 proprie
1103 2984 1274 3080 positum,
1299 2982 1357 3055 vel

163 3129 186 3159 “
202 3090 271 3194 crit
307 3123 477 3194 mendum
510 3119 550 3192 in
571 3119 807 3218 apographo,
843 3129 881 3190 et
919 3111 1167 3214 reponendum
1199 3149 1297 3215 αρχοι
1330 3112 1356 3188 d

161 3269 186 3299 “
202 3294 333 3335 εκατον.
385 3259 487 3332 Anni
527 3269 635 3332 erum
673 3266 820 3329 centum
861 3264 894 3328 et
928 3263 1075 3327 centurn
1108 3252 1354 3326 Archontes.”

160 3389 229 3463 Sed
246 3391 325 3462 haec
344 3400 428 3463 sunt
445 3387 598 3462 hominis
615 3385 688 3460 otio
705 3384 898 3458 abutentis.
952 3382 1058 3474 Quod
1076 3381 1257 3456 Eleorum·
1271 3383 1356 3458 civi·

157 3531 268 3594 tatenr
293 3518 435 3607 attinet,
465 3503 653 3616 perpauca
686 3515 833 3613 quidem
862 3512 1034 3612 coliigere
1069 3515 1181 3609 potui.
1229 3514 1353 3612 Olym·

155 3653 261 3750 piade
291 3659 387 3740 902.
422 3660 660 3724 recensentur
690 3647 859 3721 Eleorum
890 3644 1118 3743 magistratus
1145 3643 1182 3717 in
1211 3643 1371 3762 foedere·

155 3790 254 3886 apud
289 3785 545 3885 Thucydidem
556 3783 580 3858 ².
632 3785 692 3858 Ἐν
713 3777 833 3856 Ἤλιδι
866 3777 1062 3870 (operiuntur)
1096 3781 1126 3852 oi
1162 3775 1354 3874 δημιουργοὶ

156 3924 207 3994 rai
235 3925 266 3994 oi
291 3921 337 3992 τᾶ
367 3920 453 4007 τέλη
480 3917 616 4020 ἔχοντες
651 3921 704 3991 καὶ
734 3921 764 3989 οἱ
799 3917 972 4010 ἑξακόσιοι·
1014 3912 1234 4012 ἐξαρκούντων
1261 3907 1296 3983 δὲ
1323 3915 1354 3983 oi

155 4045 344 4148 δημιουργοὶ
372 4054 422 4124 καὶ
454 4053 484 4122 o'r
516 4046 779 4147 θεσμοφύλακες.
833 4043 895 4119 Ne
937 4041 1086 4116 verbum
1122 4041 1265 4139 quidem
1305 4041 1352 4113 (le

155 4184 414 4260 Archontibus.
469 4187 673 4282 Δημιουργοὶ
708 4180 863 4258 civitatis
900 4178 1084 4278 principes
1119 4187 1224 4252 erunt
1255 4178 1352 4250 inter

277 4497 286 4531 ¹
308 4502 384 4580 Eph.
399 4501 495 4566 Claes.
509 4502 579 4563 XX.
593 4509 699 4580 p.291.
900 4495 911 4527 ¹
931 4495 1062 4573 Thucyd.
1074 4495 1113 4554 V.
1126 4501 1175 4559 47.
1207 4497 1212 4510 ’
1246 4507 1251 4516 ·
