3204 5104
160 407 284 472 tusca.
305 395 352 492 1.]
732 408 779 468 33

159 579 317 653 nummis
334 599 433 674 saepe
452 586 722 674 representatur
734 577 753 650 ¹.
779 578 898 669 Quam
908 586 1028 650 autem
1047 577 1234 676 regionem
1254 587 1360 650 tenu-

157 711 256 785 erint
274 719 441 786 ΕνΡαιοιοι
449 710 559 808 juxta
575 734 656 782 cum
674 709 911 809 ignotissimis
928 709 1068 808 ignoro.
1112 717 1180 782 an
1199 709 1359 803 quidem,

157 853 253 916 teste
273 842 462 938 Stephano
474 843 500 932 ²,
519 841 685 914 Arcadiae
702 841 871 938 oppidum
898 851 964 914 est.
1016 840 1105 938 Ejus
1122 849 1242 912 autem
1262 837 1359 910 ciues

158 998 352 1071 nunquam
383 977 514 1046 Ευαοιοὶ
537 973 607 1045 dici
636 981 800 1070 potuere.
852 972 1077 1073 Knightius⁸
1107 973 1202 1045 banc
1234 997 1359 1046 vocem

159 1105 241 1179 Elei
273 1105 460 1205 cujusdam
494 1105 617 1202 popuii
649 1129 784 1180 nomen
816 1106 1001 1202 proprium
1033 1128 1115 1178 esse
1146 1104 1359 1202 suspicatur.

160 1233 269 1325 Quod
293 1259 419 1309 verum
445 1259 524 1308 esse
550 1245 678 1332 potest,
701 1258 812 1332 quum
841 1235 981 1310 Elidem
1008 1237 1092 1308 satis
1113 1246 1254 1308 constet
1279 1247 1361 1333 post

160 1367 350 1442 Persicum
377 1367 510 1442 bellum
538 1367 730 1442 conflatam
760 1392 839 1444 esse
874 1369 999 1464 (modo
1031 1369 1081 1443 ita
1106 1369 1206 1466 loqui
1235 1370 1360 1464 liceat)

159 1495 321 1593 eparvis
343 1497 557 1594 quibusdam
579 1499 696 1597 pagis,
716 1521 868 1595 quorum
894 1497 1045 1571 nomina
1069 1507 1196 1594 postea
1216 1508 1360 1593 tempus

160 1628 345 1704 oblivione
376 1630 507 1704 obruit.
561 1628 707 1729 Dignus
735 1630 880 1729 quidem
912 1630 976 1728 qui
1006 1631 1233 1704 exscribatur
1262 1628 1361 1702 Stra·

160 1761 287 1838 bouis*
304 1762 417 1837 locus,
444 1763 543 1838 Ἠλις
565 1761 642 1850 disi
667 1771 721 1837 νῦν
745 1765 844 1840 πόλις
867 1767 956 1838 orioro
975 1763 1115 1838 ἔκτιστο
1135 1766 1204 1840 καθ
1221 1765 1362 1862 Όμηρον

160 1895 233 1970 ἄλλ’
252 1896 385 1995 ἦχοίρα
401 1891 543 1984 rapidos
563 1897 800 1992 ᾠκεῖτο-ὀψὲ
818 1893 853 1972 δέ
870 1930 957 1972 ποτε
978 1899 1140 1983 συνῆλθον
1162 1905 1205 2002 είς
1225 1899 1289 1984 τήν
1309 1904 1362 1971 νῦν

160 2031 261 2104 πόλιν
283 2032 347 2115 ‘rain
361 2029 464 2104 Ἦλιν
478 2030 567 2118 μότα
584 2033 630 2104 τό
658 2034 806 2129 Περσικοὶ
832 2036 867 2106 ἐκ
882 2039 1019 2107 πολλῶν
1043 2029 1161 2120 δήμων,
1180 2030 1301 2133 σχέδον
1327 2029 1362 2106 δι’

160 2163 215 2232 καί
240 2161 320 2236 ‘rotis
345 2157 470 2237 dibitove
502 2161 625 2238 τόπους
655 2163 733 2239 ‘roris
767 2164 856 2234 καπᾶ
880 2162 1137 2247 Πελοπόννησον
1170 2167 1258 2248 πλὴν
1290 2164 1362 2236 όλί·

160 2325 247 2386 γιον,
264 2292 316 2366 oris
339 2293 520 2386 κατέλεξεν
543 2292 563 2365 ό
588 2295 737 2380 ποιητὴς,
754 2293 791 2365 οὗ
809 2293 922 2370 πόλεις
953 2295 1045 2366 dumi
1069 2295 1176 2392 χοίρσς
1200 2294 1362 2394 ὀνομάζει,

160 2460 364 2514 σνσπημαπα
385 2424 494 2514 δήμων
524 2425 671 2525 Ιόχονσιιν
696 2427 844 2515 ἑκόσπην
875 2432 991 2518 πλείω,
1018 2424 1129 2522 ἐξιόν
1161 2428 1299 2526 ὕστερον
1328 2431 1362 2501 ni

159 2559 397 2658 ’γνωριζόμεναι
430 2560 544 2639 πόλεις
572 2567 829 2650 σννωκίσθησαν,
857 2569 925 2636 οἷον
948 2570 1011 2650 τῆς
1037 2559 1195 2662 Ἀρκαδίας
1227 2567 1361 2636 Μαντί-

160 2727 227 2768 νεια
248 2693 310 2776 μὲν
333 2695 369 2766 ἐκ
394 2693 498 2768 πέντε
523 2690 631 2780 δήμων
656 2694 710 2768 ὑπ’
728 2696 885 2794 Ἀργείων
905 2698 1225 2782 σννανιίσθη-οιίτω
1251 2694 1286 2768 δὲ
1307 2700 1361 2770 καί

160 2827 181 2912 'i
211 2825 311 2901 Ἠλίς
336 2825 371 2898 ἔκ
398 2832 465 2898 τῶν
495 2823 695 2925 περιοικίδων
722 2833 947 2912 σννεπολίσθη
974 2835 1033 2914 μία
1064 2829 1197 2902 τούτων
1227 2829 1360 2920 (αὐτοὶ.)

159 2956 245 3032 Nec
279 2956 387 3030 aliter
420 2957 639 3032 Diodorus⁵.
698 2967 827 3032 Ευαοιοι
861 2984 952 3058 ergo
982 2953 1087 3058 isque
1123 2985 1166 3032 ac
1202 2960 1282 3033 Elei
1314 2985 1359 3035 ex

159 3087 224 3162 illis
243 3089 351 3188 pagis
378 3111 458 3162 esse
474 3099 626 3187 potuere
654 3112 807 3188 quorum
824 3091 1019 3164 ‘conventu
1047 3099 1172 3184 postea
1198 3091 1362 3164 constitit

157 3243 251 3319 gens
283 3218 374 3292 Elea
403 3228 514 3317 atque
538 3191 629 3317 'ipsa
659 3220 748 3294 Elis.
794 3220 886 3293 iilud
926 3229 1066 3294 tantum
1099 3220 1220 3308 turbat
1261 3225 1360 3319 quod

156 3352 317 3426 nesciam
351 3353 531 3449 quomodo
565 3352 671 3426 ullius
706 3353 830 3451 oppidi
866 3351 993 3426 incoiis
1029 3363 1201 3425 consueta
1235 3352 1271 3424 i'n
1304 3354 1359 3426 his

157 3484 267 3557 rebus
284 3483 344 3558 lex
363 3483 604 3583 Etymoiogiae
631 3497 763 3559 n'omen
789 3484 869 3560 talis
895 3483 1020 3557 formae
1044 3482 1203 3556 tribuere
1231 3483 1357 3579 possit.

157 3617 318 3692 luscitiae
352 3617 475 3692 forsan
508 3619 672 3714 quamvis
702 3618 798 3692 baud
833 3617 982 3690 incuriae
1016 3616 1179 3715 Scriptor
1206 3617 1357 3689 insimu-

155 3750 296 3826 landus.
350 3749 534 3826 Biickbius
568 3762 693 3826 noster
722 3752 874 3827 advocat
905 3774 1092 3823 nummum
1127 3748 1179 3821 ita
1206 3747 1358 3844 inscrip-

195 3985 204 4017 ¹
226 3983 272 4045 Cf.
290 3984 408 4046 Eckhel.
427 3986 512 4046 Doet.
527 3987 649 4047 Numm.
663 3989 731 4048 Vet.
821 3984 835 4012 ²
856 3985 902 4044 Ci.
920 3983 1060 4045 Harduin.
1082 3983 1172 4042 Num.
1194 3981 1262 4038 Vet.
1284 3981 1355 4059 Pop.

157 4083 227 4143 P.1.
254 4083 322 4141 Vol.
340 4084 380 4141 11.
402 4102 430 4159 p.
442 4082 511 4151 267.
539 4081 636 4149 Golts.
658 4085 731 4143 Tab.
781 4085 939 4145 νοοοΕυο.

156 4198 268 4240 xxxv.
291 4191 321 4238 et
349 4199 480 4242 xxxvr.
515 4183 622 4242 Combe
650 4185 730 4244 Mus.
818 4181 913 4241 ³Ubi
935 4199 1019 4257 supra
1043 4199 1071 4255 p.
1088 4185 1157 4240 115.
1178 4189 1206 4239 et
1231 4180 1304 4240 infra
1326 4178 1355 4236 in

156 4273 275 4336 Hunter.
304 4276 363 4338 No.
382 4285 432 4336 21.
457 4291 487 4337 et
511 4285 560 4339 22.
599 4279 729 4339 Pellerin.
779 4282 857 4355 App.

154 4369 236 4430 Tuan.
261 4373 286 4430 1.
313 4373 464 4433 Tab...X
491 4373 611 4433 Ecbhel.
640 4375 729 4434 Num.
819 4375 947 4434 ⁴Str-ab.
968 4375 1060 4448 Geog.
1074 4373 1159 4430 Vlil
1180 4368 1290 4448 ρ.336.
1309 4369 1355 4425 ed·

155 4467 728 4538 Vet.Anecd.Tab.1.N0.7.1t..P
780 4471 906 4530 Casaub.

154 4561 271 4642 Knigbt.
287 4564 394 4642 Esssy,
407 4585 437 4641 p.
450 4573 497 4628 13.
821 4571 833 4648 ⁵.
853 4563 1037 4628 Diodor.1X.
1052 4561 1137 4622 Tum.
1149 4561 1189 4622 11.
1203 4579 1231 4650 p.
1242 4564 1292 4629 ³9.

738 4673 767 4738 E
