3158 5104
7 323 13 392 i

165 436 283 502 lusca.
309 403 386 504 Vb]
658 375 659 380 γ
729 426 776 514 67

161 612 416 696 innotesceret,
438 632 503 684 sua
520 607 666 682 nomina
683 609 802 709 galeae
822 609 992 686 Hieronis
1013 608 1177 684 incurro
1199 609 1359 684 sedentis

160 751 284 816 stature
309 741 541 839 imponenda
563 740 758 816 incidenda
776 763 949 816 curavere
962 739 971 814 !
984 747 1009 778 “
1033 739 1129 829 Quei
1150 738 1360 814 Sirsausani

61 888 66 902 '
160 873 212 946 cb'
238 895 353 947 erano
379 871 505 947 venuti
528 873 574 946 da
599 869 728 959 Curua,
754 870 931 966 passando
956 892 1021 967 per
1045 869 1172 957 Turia,
1196 891 1358 946 avevano

159 1005 365 1082 nontributo
387 1006 423 1080 al
449 1015 684 1082 monumento
707 1007 852 1100 (parte
881 1007 922 1078 di
950 1005 1022 1080 cui
1045 1029 1119 1080 ern
1143 1005 1178 1078 il
1204 1015 1359 1080 nostro

159 1134 281 1228 struo)
305 1135 365 1210 del
381 1136 460 1213 loro
482 1135 651 1234 principe
665 1137 717 1206 ¹.”
771 1134 891 1208 Verba
915 1133 1146 1210 Brondstedii
1167 1133 1334 1208 exscribo
1346 1160 1356 1218 ;

159 1289 203 1340 ne
220 1267 380 1362 suspicio
400 1266 497 1356 iorte
523 1266 672 1357 oriatur,
696 1291 754 1342 rne
776 1267 856 1340 hren
880 1266 1026 1342 finxisse
1052 1287 1125 1363 quo
1151 1265 1268 1340 bonus
1294 1267 1361 1340 iste

160 1403 290 1480 Dauus
330 1405 500 1482 amnibus
540 1407 736 1484 ludibrium
777 1408 919 1482 debeat.
988 1405 1218 1482 Niebubrius
1251 1407 1362 1484 verba

159 1575 211 1616 τοι
241 1539 273 1616 δι
303 1577 408 1642 τνραν
446 1546 573 1620 eodem
616 1547 725 1620 modo
776 1568 851 1640 quo
898 1542 1161 1622 Brondstedius
1203 1543 1360 1640 explicat

160 1674 334 1772 quamvis,
359 1675 390 1748 si
419 1675 509 1750 tides
537 1675 770 1752 Brondstedii
794 1677 948 1750 Censori
974 1671 1141 1764 italico²,
1168 1675 1363 1774 aliquando

160 1803 368 1903 conjecerat
413 1829 480 1903 pro
529 1839 646 1904 τυραν,
700 1806 797 1906 ἱαρᾶν
848 1806 929 1898 (sa.
970 1803 1104 1902 sapida)
1153 1807 1362 1904 legendum.

160 1931 347 2010 Bbcithius
365 1935 404 2010 in
421 1935 536 2011 liberie
553 1937 667 2012 MSS.
685 1937 736 2012 itu
753 1937 921 2034 explicat.
960 1937 1133 2036 “'Ia‘pavo‘
1152 1937 1362 2024 Δεινομὸνους

160 2075 210 2145 sni
231 2075 264 2144 oi
282 2074 493 2168 Συρακούσιοι
518 2081 569 2168 τῷ
593 2075 651 2148 Διῒ
673 2073 810 2172 'suppar’
828 2107 897 2148 arv-o
922 2080 1046 2160 Karana.
1095 2072 1224 2150 Gflieae
1250 2071 1363 2169 signi·

160 2209 318 2286 beantur
343 2233 390 2284 ex
415 2213 540 2309 praeda
570 2210 828 2310 Tyrrhenioa⁸
855 2219 936 2308 post
969 2231 1131 2306 pugnam
1158 2207 1363 2280 Cumanam

162 2341 559 2440 otymp.l.xxv1.a.
586 2315 1241 2440 0111101014οιΡῑηᾱπὴίιιᾸν
1272 2337 1366 2414 nac

162 2485 263 2548 certe
284 2475 506 2566 verisimilia,
532 2476 694 2577 quamvis
717 2477 841 2552 nescio
861 2499 911 2549 an
931 2482 1008 2552 Ζευς
1030 2480 1160 2573 Τυρρην
1180 2471 1266 2546 aiibi
1289 2493 1365 2546 rne-

161 2621 334 2700 moretur,
378 2635 448 2688 nes
490 2614 609 2710 placet
659 2613 869 2712 synalaepha
912 2613 981 2686 ista
1025 2611 1156 2686 vocalis
1208 2615 1223 2682 1
1255 2632 1363 2707 quam

162 2765 351 2842 nunquam
374 2746 412 2818 iu
440 2743 677 2819 marmoribus
703 2743 834 2818 factam
861 2769 942 2818 esse
967 2742 1167 2818 observavi.
1220 2739 1368 2836 Jupiter

161 2887 285 2952 sutem
324 2878 377 2979 (id
409 2882 509 2978 quod
537 2906 561 2953 a
594 2879 779 2954 Pausania
810 2879 896 2952 satis
923 2877 1037 2975 patet)
1073 2874 1254 2974 Olympias
1271 2895 1364 2976 .5non

162 3019 302 3084 butum
339 3009 527 3108 Olympius
560 3010 742 3097 audiebat,
776 3012 840 3083 aad
869 3009 989 3084 muitis
1020 3005 1228 3080 nominibus
1256 3025 1364 3078 voca·

163 3136 283 3211 batur.
337 3139 457 3214 ΑΙῙΜι
489 3131 611 3214 iainen
645 3142 761 3240 Tupav’
793 3165 858 3236 pro
892 3139 1047 3238 Τῦῥρηνα
1080 3141 1142 3232 (sc.
1177 3136 1278 3236 sparsi
1311 3137 1389 3214 rai.
1416 3163 1420 3168 '

164 3267 259 3344 ἄλλα
304 3271 425 3364 σκῦλα)
469 3272 626 3368 positum
669 3283 787 3369 putat,
826 3271 1017 3346 subaudita
1057 3293 1149 3346 voce
1192 3269 1364 3354 ἀνέθεσαν,

165 3429 234 3478 nec
269 3405 375 3480 aliter
406 3407 591 3503 explicant
623 3405 889 3481 'l'hiersahius⁶
922 3415 960 3479 et
994 3403 1214 3478 Weiskerus
1225 3403 1251 3476 ⁷.
1318 3400 1363 3476 lu

165 3539 318 3612 eundern
346 3558 495 3637 quoque
528 3535 773 3640 conjecturam
807 3539 936 3612 incidit
973 3536 1135 3613 ieakius
1172 3535 1211 3610 in
1253 3533 1364 3609 literis

167 3665 280 3742 MSS.
324 3670 411 3744 mibi
453 3671 549 3746 haud
591 3670 641 3744 ita
680 3668 821 3766 pridem
862 3669 963 3744 datis.
1015 3665 1288 3752 Hermannus⁸,
1325 3677 1366 3742 ut

205 3981 415 4041 ¹Brondstsdt.
437 4003 466 4059 p.
478 3988 528 4042 20.
832 3975 976 4037 'Boekn
1022 3971 1217 4040 aunan-alata
1250 3975 1366 4050 (18111.)

200 4075 217 4122 ·²
237 4079 337 4140 Diario
371 4080 522 4142 Arcadico.
546 4077 630 4142 Rom.
664 4081 736 4142 Dec.
793 4074 849 4134 No.
865 4071 1006 4134 tbetad
1021 4069 1133 4130 Pindar.
1149 4067 1236 4146 Pyth.
1249 4087 1277 4147 p.
1293 4073 1364 4128 225.

170 4184 392 4256 ratapant.
831 4171 1026 4235 ‘Tbierscb.„
1066 4167 1262 4228 Kunst-Blatt.
1320 4167 1366 4227 ubi

206 4267 482 4350 ararum'praedae
509 4275 647 4334 victarum
673 4293 737 4352 par·
791 4287 884 4344 supra.

166 4367 236 4424 tium
266 4367 330 4426 Diis
350 4367 470 4426 victores
491 4385 563 4445 saepe
588 4371 735 4430 vovebant.
825 4371 837 4408 ²
858 4363 1022 4422 Walckerue
1036 4364 1187 4440 ubisupra,
1208 4382 1237 4439 p.
1255 4367 1303 4420 10.

168 4457 216 4519 Cf.
240 4458 304 4521 Liv.
316 4462 340 4521 1.
563 4469 569 4482 ’
826 4460 837 4493 ⁸
860 4461 1009 4519 Referente
1024 4461 1135 4536 Silligiu
1151 4459 1275 4537 quodem
1291 4457 1365 4532 apud

207 4559 219 4592 ⁴
238 4554 354 4616 Diodor.
369 4557 424 4620 xl.
440 4565 488 4620 51.
789 4558 925 4635 Bdttiger.
940 4557 1072 4619 Amaltb.
1086 4558 1171 4618 Tam.
1188 4555 1226 4614 11.
1248 4573 1277 4632 p.
1293 4557 1363 4610 233.
