3176 5094
628 417 969 469 succesoribus.
1348 421 1392 470 XV

191 596 280 661 esse,
306 586 344 649 et
366 575 426 649 dei
449 583 593 672 sceptro
617 575 673 648 rei
696 578 857 649 caduceo
878 576 1097 666 adhaesisse3
1134 601 1207 673 qua
1233 577 1393 674 mysticae

191 707 375 806 religionis
402 707 612 805 allegoriam
636 707 749 780 cuivis
776 709 1052 803 deprehendere
1078 707 1202 781 licet.'’

265 837 462 910 Verissime
510 862 659 932 quoque
704 839 751 909 de
796 839 865 910 hac
917 863 958 911 re
1011 863 1130 935 nuper
1182 841 1395 915 Fridericus

189 969 451 1042 Thierschius¹.
487 976 530 1076 ,“
544 969 728 1043 Nimirum
747 993 979 1065 quaecunque
996 970 1127 1044 vetusti
1150 973 1219 1043 neri
1240 971 1393 1067 inscrip-

191 1099 308 1172 tiones
343 1101 506 1185 vasculis,
543 1101 674 1186 numiS,
706 1097 768 1171 aeri
813 1111 921 1196 atque
963 1101 1131 1172 marmori
1168 1100 1306 1172 additre
1345 1103 1393 1173 ad

191 1247 347 1307 nostram
371 1237 578 1308 memoriam
607 1257 818 1330 pervenere,
842 1258 896 1306 eae
923 1258 1049 1306 omnes
1067 1236 1210 1320 docent,
1237 1244 1394 1330 quatuor

191 1376 227 1437 et
267 1366 397 1464 viginti
435 1367 619 1438 literarum
655 1367 867 1460 scripturam
902 1363 1045 1460 populis
1079 1364 1232 1436 subinde
1272 1375 1391 1438 natam

190 1506 300 1592 atque
350 1509 528 1592 receptam
579 1519 660 1568 esse
705 1505 742 1567 et
785 1517 907 1567 errare
954 1495 1028 1582 hos,
1080 1493 1141 1590 qui
1182 1494 1392 1566 Graecarum

189 1628 375 1702 literarum
411 1627 573 1724 origines
609 1650 653 1699 ac
690 1648 903 1724 progressus
929 1625 975 1696 ad
1010 1633 1109 1696 certa
1140 1635 1308 1720 tempora
1339 1631 1393 1695 r'e-

190 1779 319 1831 vocare
344 1758 521 1854 clarisque
548 1757 756 1830 nominibus
778 1757 983 1853 adjungere
1007 1756 1211 1828 laborent’*
1309 1793 1313 1798 ·

265 1886 359 1957 Cum
382 1873 474 1983 er‘go
496 1885 678 1958 literarum
707 1885 923 1958 Graecarum
954 1895 1074 1957 ortum
1099 1896 1300 1956 monstrare
1329 1908 1394 1956 ne-

192 2039 381 2112 queamus,
401 2015 490 2086 nihil
504 2015 626 2089 utilius
645 2017 808 2088 futurum
828 2013 969 2088 videtur
988 2038 1095 2112 quam
1120 2017 1148 2088 si
1167 2017 1391 2112 singularum

191 2145 457 2242 antiquissimas
485 2147 616 2218 formas
641 2169 706 2216 suo
732 2145 860 2216 ordine
887 2145 1134 2218 exhibeamus.
1188 2145 1294 2232 Quod
1314 2147 1393 2243 qui·

193 2277 276 2348 dem
294 2299 361 2371 pro
379 2276 472 2348 virili
497 2277 531 2348 in
559 2275 689 2349 tabulis
720 2289 731 2346 1
766 2274 1093 2347 etaefficiendum
1117 2271 1252 2346 curavi.
1294 2274 1393 2363 Quas

193 2413 314 2478 autem
341 2414 581 2503 anteaquam
615 2405 748 2478 Lector
780 2405 959 2501 inspiciat,
988 2405 1237 2502 admonendus
1268 2414 1324 2477 est
1347 2429 1393 2476 ne

194 2535 324 2608 exinde
351 2535 523 2632 majorem
553 2537 710 2610 fructum
737 2561 844 2634 quam
865 2559 990 2608 revera
1016 2535 1135 2623 liceat,
1159 2560 1238 2607 sese
1266 2535 1393 2607 collec-

195 2677 315 2738 tururn
342 2690 422 2739 esse
441 2678 576 2764 speret.
631 2665 934 2762 Inscriptionibus
960 2665 1094 2760 quibus
1120 2664 1157 2736 in
1187 2665 1242 2736 his
1265 2663 1394 2738 tabulis

194 2797 430 2869 conficiendis
458 2823 543 2869 usus
574 2823 652 2869 sum
684 2798 779 2868 baud
808 2796 975 2868 omnibus
1007 2796 1133 2866 eadem
1164 2793 1253 2864 fides
1282 2793 1395 2864 tribu·

196 2929 290 3000 enda
308 2941 373 3000 est.
418 2927 569 3026 Sigeum
590 2928 754 3000 videlicet
770 2928 1003 2998 decantatum
1020 2923 1107 2995 ittud
1126 2945 1280 2993 marmor
1293 2921 1395 3019 Sigei

196 3056 296 3150 parvi
318 3068 429 3154 atque
453 3057 679 3151 municipalis
696 3056 820 3152 oppidi
845 3057 1054 3150 inscriptum
1072 3064 1140 3125 est.
1195 3051 1287 3142 Quis
1305 3075 1396 3150 ergo

196 3183 247 3255 ita
276 3185 488 3279 inscriptum
522 3197 657 3258 certam
693 3209 772 3258 esse
807 3186 914 3258 fidem
949 3185 1186 3258 contenderet
1214 3193 1254 3254 ut
1281 3184 1397 3255 Athe·

198 3317 377 3388 niensium
396 3316 591 3388 limatiores
610 3317 706 3388 oculi
724 3314 846 3388 omnia
864 3315 1137 3411 approbarent?
1178 3315 1285 3404 Quod
1303 3316 1396 3387 idern

199 3449 244 3518 de
271 3448 457 3520 Leucadio
481 3447 600 3542 lapide
627 3449 762 3521 dictum
787 3459 887 3544 puta.
940 3449 997 3522 Ita
1024 3472 1170 3545 quoque
1194 3471 1277 3520 cum
1304 3449 1396 3538 Elei,

199 3601 273 3674 quo
306 3589 467 3674 tempore
501 3579 629 3650 Eleum
661 3578 745 3650 ihud
778 3579 897 3651 foedus
934 3578 1100 3650 marmori
1133 3577 1301 3650 traditum
1336 3580 1394 3666 sit,

198 3733 310 3804 parva
341 3708 587 3808 ignobilisque
620 3733 712 3804 gens
745 3720 877 3798 essent,
913 3709 972 3781 vix
1001 3709 1229 3782 statuendum
1264 3708 1396 3782 formas

198 3837 382 3911 literarum
410 3862 493 3934 quae
519 3839 555 3910 in
580 3838 640 3910 illo
675 3839 959 3934 conspiciuntur,
986 3863 1148 3937 unquam
1171 3861 1396 3935 peromnem

199 3967 380 4042 Graeciam
420 3970 584 4042 valuisse.
645 3968 769 4066 Major
805 3979 926 4041 autern
968 3969 1057 4041 fides
1101 3969 1397 4064 inscriptionibus

198 4097 398 4196 olympicis
423 4108 461 4170 et
487 4097 773 4172 Atheniensibus
799 4101 989 4173 manifesto
1016 4099 1208 4172 tribuenda
1234 4113 1299 4172 est.

273 4230 360 4303 Nec
378 4240 500 4303 tamen
518 4230 576 4302 vei
595 4231 651 4304 bie
669 4231 726 4304 vei
744 4232 964 4328 quibuslibet
979 4230 1057 4304 eliis
1076 4231 1182 4303 nimis
1201 4232 1396 4306 fidendum.

291 4457 469 4540 {Thierscb
490 4459 558 4518 Act.
582 4458 683 4517 Philol.
708 4459 823 4520 Monac.
844 4441 930 4520 Tam.
945 4480 984 4524 rr.
1006 4463 1088 4524 Fasc.
1107 4479 1161 4520 ιιι.
1182 4479 1210 4534 p.
1226 4466 1297 4526 409.
