3204 5104
168 361 292 425 iussn.
315 351 358 432 1.]
729 355 771 412 41

167 560 208 610 eo
238 527 508 608 tuder-eontra
537 526 709 599 tributum
737 524 909 598 indicitur
938 524 1026 601 Jovi
1055 527 1251 624 quotannis
1278 553 1367 627 pen·

169 664 341 739 tiendum.
427 701 430 708 ·

242 799 289 872 L.
308 795 343 869 6.
372 806 415 869 Δι
431 817 497 892 pro
515 795 595 879 Διΐ;
619 791 759 866 duabus
776 791 913 864 scilicet
930 792 1074 890 syllabis
1092 795 1130 867 in
1149 819 1261 869 unum
1280 821 1369 870 con·

167 929 331 1007 tmctis¹.
383 927 469 1004 Nec
500 928 606 1000 aliter
640 928 675 998 in
705 927 812 1025 galea
849 926 1040 1027 Oiyrnpicn
1070 953 1092 1001 o
1128 931 1370 1006 Brondstedio

168 1061 304 1161 publici
335 1060 431 1159 juris
473 1059 601 1132 fucta².
633 1057 751 1130 'Alibi
791 1060 886 1130 hanc
927 1058 1077 1134 forrnorn
1123 1087 1195 1136 non
1236 1064 1371 1138 offendi

170 1193 335 1294 quamuis
362 1191 487 1264 tertius
512 1213 617 1262 casus
630 1187 912 1288 fornininorum
940 1190 979 1262 in
1006 1222 1033 1264 n
1057 1195 1152 1287 upud
1176 1193 1300 1266 AEoles
1323 1195 1373 1268 its

170 1345 267 1423 saepe
292 1322 486 1396 scribatur.
537 1329 621 1394 θετι
646 1343 712 1416 pro
738 1327 832 1392 θετιι
858 1319 991 1417 legitur
1010 1325 1109 1419 apud
1134 1322 1334 1397 Homerum
1345 1327 1372 1414 ³,

172 1465 208 1530 et
226 1452 443 1550 -saepissime
483 1451 581 1548 opud
619 1447 759 1523 Ionus'.
822 1448 875 1520 tta
918 1473 1067 1549 quoque
1106 1463 1251 1554 Διφιλος
1288 1479 1375 1532 con-

172 1598 327 1662 tractum
345 1595 404 1659 est
418 1609 441 1656 a
459 1593 628 1682 Δαφιλος,
646 1581 762 1680 prima
781 1583 1085 1684 longa,'quamris
1099 1611 1165 1684 per
1181 1589 1374 1687 ecthlipsin

173 1718 309 1792 fretum
328 1715 529 1805 essofniso,
553 1725 594 1788 ut
612 1713 698 1786 milri
717 1715 863 1812 quidem
883 1716 1034 1806 videtur,
1059 1719 1189 1795 doceat
1207 1721 1376 1796 Socrates

174 1853 272 1950 apud
291 1851 519 1924 Platonem.

246 1989 290 2061 1..
309 1983 346 2057 6.
373 1993 548 2058 Onmwt.
592 2017 609 2055 ν
630 2006 696 2079 pro
717 2017 742 2066 μ
769 1982 807 2054 in
831 1984 899 2055 hac
925 2004 1016 2055 vocs
1036 1985 1195 2057 occurrit
1213 1988 1250 2058 in
1271 1988 1378 2086 guiso

173 2117 426 2216 antiquissima
460 2116 507 2188 ab
536 2115 707 2213 Olympia
736 2140 758 2187 a
793 2115 836 2191 B.
862 2115 976 2190 Frere
1009 2119 1230 2212 reportato⁶,
1259 2146 1381 2220 neque

175 2249 283 2324 aliter
310 2248 346 2322 in
373 2246 639 2322 recentioribus
669 2248 940 2321 marmoribus⁷.

253 2379 296 2454 L.
309 2378 346 2468 6,
357 2389 392 2469 7.
420 2387 482 2455 Tor
496 2374 709 2464 καδαλεμενοι
719 2390 967 2478 λατρειομενον.
995 2381 1254 2458 vexatissimus
1266 2386 1381 2462 locus.

178 2510 377 2611 Knightius
402 2509 454 2582 itu
479 2509 638 2607 explicat
657 2520 768 2606 utque
793 2509 1064 2608 interpretatur.
1117 2519 1161 2589 ot
1186 2551 1225 2589 αν
1249 2513 1385 2606 teinton-

178 2679 267 2729 μενοι
308 2655 560 2741 λατρειομενων.
620 2649 647 2680 “
666 2639 830 2736 (solvent
872 2642 973 2738 Jovi)
1023 2645 1227 2744 qttt'cttttqtte
1256 2649 1385 2747 soetltts

180 2773 406 2861 titulaverint,
424 2797 617 2848 sacrorum
635 2781 801 2858 cousa;”
819 2784 857 2847 et
874 2784 1002 2872 postes
1020 2776 1107 2850 dicit
1125 2779 1277 2851 causatis
1293 2801 1386 2876 prae-

182 2904 373 3004 positionis
397 2905 552 3000 ellipsin,
577 2929 672 3003 quae,
701 2905 762 2980 itto
778 2905 919 3003 judice,
945 2917 1031 2980 ante
1054 2919 1289 3004 λατρειομενον
1311 2911 1385 2998 fiat,

182 3037 374 3135 vulg-orem
414 3058 504 3108 esse.
558 3033 733 3132 Denique
777 3034 915 3108 nuilunr
961 3035 1164 3132 exemplum
1207 3038 1388 3138 participii

181 3181 435 3267 λατρειομενων,
469 3177 533 3242 sut
563 3165 664 3242 verbi
694 3192 717 3241 s
752 3193 827 3266 quo
861 3179 979 3243 ortum
1006 3179 1072 3256 est,
1109 3170 1249 3266 passivo
1278 3195 1388 3246 sensu

183 3299 380 3403 gaudentis
410 3324 450 3374 se
481 3301 658 3398 reperisse
682 3299 830 3389 fatetur,
865 3303 963 3399 quod
996 3313 1117 3376 tornen
1153 3305 1249 3377 haud
1283 3307 1390 3379 aliurn

186 3446 335 3533 propter
357 3457 503 3508 causum
525 3433 677 3508 forsitan
698 3433 873 3507 occidisse
892 3445 994 3533 putat
1018 3458 1126 3531 quarn
1147 3411 1246 3534 quod
1269 3437 1390 3511 nullus

185 3580 288 3644 extet
311 3569 413 3642 locus
438 3569 501 3643 ubi
528 3593 637 3644 sensu
662 3569 805 3665 passivo
833 3594 925 3667 opus
951 3570 1007 3642 sit.
1066 3579 1237 3658 Δηλεομαι
1262 3582 1392 3645 contra

163 3720 332 3796 *semper
347 3699 478 3788 activo,
501 3724 688 3799 nunquam
709 3700 852 3797 passivo
875 3710 940 3774 out
958 3699 1077 3774 medio
1099 3725 1208 3774 sensu
1228 3703 1392 3800 gaudere

229 3907 238 3938 ¹
260 3905 308 3965 Cf.
325 3906 361 3964 tt.
371 3909 405 3967 P.
421 3907 541 3984 Koight.
560 3908 670 3986 Proleg.
682 3915 773 3974 c1.11.‘
816 3910 901 3972 Woll.
918 3914 942 3973 1.
956 3933 985 3989 p.
1003 3919 1071 3972 131.

193 4019 262 4059 voce
276 4001 412 4067 ΔῙΡΟΣ.
855 4003 866 4037 ⁶
888 4005 924 4063 R.
940 4004 973 4062 P.
990 4005 1109 4086 Knight.
1123 4004 1159 4062 od
1175 4005 1254 4071 ltiad.
1271 4011 1308 4068 A.
1323 4014 1394 4070 221.
1503 4006 1508 4012 ’

231 4098 243 4132 '
263 4101 341 4159 Iusto
355 4100 450 4160 Closs.
468 4102 506 4162 tt.
520 4099 550 4160 6.
816 4099 931 4159 erinna
944 4101 1035 4162 Closs.
1052 4102 1093 4164 11.
1117 4102 1175 4162 lns.
1189 4110 1218 4162 3.

232 4201 244 4232 ⁸
264 4199 384 4258 Homer.
399 4200 480 4262 llisd.
493 4203 531 4261 Σ.
542 4207 613 4268 407.
856 4197 867 4231 ²
890 4199 936 4261 ct.
952 4199 1095 4261 Bsautort.
1110 4201 1283 4260 Carmania
1301 4221 1330 4278 p.
1343 4207 1396 4261 44.

233 4294 314 4354 ‘ct
329 4294 437 4357 Herod.
452 4295 491 4353 11.
508 4303 575 4356 102.
592 4302 660 4356 141.
820 4295 952 4359 Memoir.
996 4301 1030 4357 ds
1069 4297 1182 4356 l'Acad.
1218 4300 1268 4358 des
1306 4298 1397 4358 Inscr.

234 4390 341 4450 ‘Pus
364 4391 476 4470 Crstyl.
502 4401 550 4460 17.
601 4393 646 4455 Cf.
669 4393 768 4470 Etym.
822 4399 1060 4468 xnv11.p.314.
1105 4391 1245 4470 Wsipole,
1268 4393 1353 4454 Tom.
1370 4391 1397 4458 1.

200 4485 243 4548 Μ.
262 4489 293 4548 h.
316 4507 346 4552 r.
367 4495 489 4567 p.·279.
514 4497 565 4552 28.
613 4489 707 4550 Fisch.
733 4489 769 4548 sd
820 4509 848 4564 p.
862 4493 933 4548 455.

797 4591 823 4655 F
