3204 5104
188 413 312 482 1111111.
338 411 384 492 1.]
771 421 818 481 43

187 588 256 662 ista
278 618 477 672 καππσσειν,
504 585 715 678 solidatam
746 597 783 661 11
810 609 922 682 quum
952 586 987 658 in
1016 587 1084 660 hac
1111 596 1246 664 tessera
1270 587 1387 664 haha-

187 751 325 806 maaum
347 717 510 817 ejusdem
540 716 654 792 literas
679 741 858 816 nusquam
885 729 1070 816 appareat,
1103 721 1260 817 proclive
1288 723 1387 796 dictu

187 857 243 921 est
266 842 526 936 καταδηλεομαι,
556 846 712 920 breviori
743 847 871 934 forma,
903 872 975 921 non
1003 848 1070 920 11181
1098 873 1163 947 per
1189 848 1389 939 καδηλεομαι

187 984 297 1060 scribi
312 1009 430 1081 posse.
466 983 559 1058 Haeo
571 993 693 1059 autem
709 985 831 1058 omnia
844 985 880 1057 in
899 984 1038 1059 lubrico
1052 997 1242 1062 versantur
1248 1015 1259 1075 ;
1279 1013 1387 1064 nemo

187 1115 323 1212 aliquid
347 1115 437 1190 uerti
459 1124 619 1190 statuere
639 1125 770 1211 potest.
824 1113 1019 1189 Verissims
1041 1126 1163 1192 tamen
1189 1117 1387 1218 Knightius

188 1245 330 1320 monuit
352 1243 591 1341 compositum
617 1243 920 1333 καταδηλεομαι
945 1247 1042 1319 haud
1067 1247 1155 1321 aiibi
1182 1273 1384 1328 occurrere.

187 1379 272 1478 lpse
300 1379 447 1476 quidem
473 1377 731 1476 praepositione
758 1413 845 1453 κατα
870 1403 953 1454 cum
980 1347 1094 1454 uerbo
1121 1377 1275 1471 δηλεομαι
1301 1407 1387 1457 111-

179 1505 293 1608 jungi
337 1505 491 1602 nequire
525 1516 639 1604 putat.
695 1506 833 1598 “Quid
869 1507 964 1581 enim
1002 1514 1135 1596 esset,”
1171 1508 1224 1582 ait
1260 1512 1387 1607 “apud

185 1652 378 1728 nostrates,
413 1613 449 1713 to
482 1637 604 1736 injure
632 1640 746 1728 1111111,
780 1640 1116 1716 rotundarunt*
1162 1646 1210 1716 ht
1236 1645 1264 1716 si
1300 1644 1387 1719 mihi

178 1776 349 1876 judicare
372 1775 468 1861 licet,
496 1776 575 1849 haec
601 1775 708 1848 nimis
733 1787 863 1875 argute
890 1775 946 1850 vir
966 1775 1225 1851 celeberrimus
1238 1807 1248 1863 ;
1279 1777 1389 1851 muita

185 1914 284 1987 enirn
302 1922 430 1986 extant
448 1912 659 1986 verbosum
678 1912 747 1985 hac
763 1911 1019 2010 praepositione
1036 1911 1238 2008 composita
1255 1913 1388 2011 quibus

185 2058 307 2120 tamen
346 2045 494 2118 minime
533 2043 678 2141 propria
715 2043 794 2143 ejus
834 2043 888 2116 vis
931 2055 1121 2143 congruat.
1174 2043 1387 2119 Notandum

185 2189 365 2278 praeterea
389 2175 559 2263 δαλεμενοι
584 2199 654 2249 neo
680 2176 765 2249 huic
793 2199 861 2249 nec
887 2175 990 2248 alteri
1021 2176 1213 2273 hypothesi
1238 2179 1388 2251 omnino

188 2335 404 2412 congruere.
468 2309 508 2383 Si
542 2309 695 2408 perfecti
729 2310 901 2405 temporis
935 2306 1164 2403 participium
1194 2308 1251 2396 sit,
1286 2307 1388 2382 δηλα-

186 2477 288 2531 μενοι,
324 2443 355 2514 εἰ
390 2439 581 2539 praes'entis
614 2439 803 2524 dohsousuor
837 2439 894 2512 vel
921 2437 1041 2510 forsan
1073 2434 1244 2525 δαλομενοι
1272 2439 1387 2538 magi!

185 2586 473 2675 expectaremus.
526 2573 600 2650 Sed
627 2574 722 2672 quod
747 2574 855 2646 modo
880 2569 965 2660 dixi,
994 2569 1030 2642 id
1055 2569 1113 2643 hic
1137 2575 1386 2668 repetendum,

184 2705 223 2778 in
264 2704 346 2778 rudi
389 2702 526 2776 scilicet
568 2724 635 2774 nec
674 2700 796 2774 forsan
839 2701 907 2774 sibi
946 2721 1012 2796 per
1049 2701 1172 2774 omnia
1210 2701 1387 2780 constanti

185 2833 352 2921 dialecto,
383 2831 474 2905 nihil
504 2830 588 2904 satis
615 2831 704 2902 certi
737 2829 847 2903 statui
877 2851 995 2926 posse.

258 2963 305 3036 [1.
322 2973 357 3052 7.
390 2969 431 3034 As
461 2958 496 3034 da
526 2991 585 3056 τιρ
610 2993 655 3032 τα
680 2970 823 3059 Ὑραφεα
850 2993 906 3034 ται
932 2956 1138 3032 καδαλεοιτο.
1191 2956 1298 3048 Quod
1328 2987 1387 3056 τῳ

183 3095 314 3170 attinet
347 3095 392 3169 cf.
422 3095 520 3168 locos
555 3116 663 3189 supra
695 3093 823 3165 citatos
853 3093 898 3164 de
929 3113 1018 3165 voce
1052 3117 1149 3188 τοιρ;
1184 3122 1229 3162 τα
1263 3115 1330 3188 pro
1363 3090 1386 3164 d

181 3227 354 3326 vulgare;
393 3235 535 3324 ypaoea
563 3247 646 3296 cum
678 3222 856 3320 Knightiu
887 3222 1029 3319 explico
1063 3247 1112 3294 sc.
1145 3233 1186 3294 ut
1210 3235 1318 3298 antea
1346 3259 1385 3298 aa

182 3380 248 3455 pro
264 3391 327 3445 an,
347 3357 399 3430 sic
416 3359 485 3431 hoc
502 3357 537 3428 in
557 3356 638 3429 loco
655 3365 798 3454 γραφεα
810 3378 876 3451 pro
893 3365 1045 3454 γραφειη
1060 3353 1214 3450 positum
1229 3354 1382 3430 videtur.

184 3487 278 3580 Quae
310 3487 472 3572 mutatio,
500 3485 570 3559 nisi
602 3485 719 3572 failor,
748 3486 843 3558 haud
872 3486 958 3559 aiibi
985 3487 1155 3572 occurrit,
1183 3489 1246 3560 sed
1275 3489 1319 3560 de
1345 3520 1384 3561 aa

182 3622 242 3695 rix
267 3621 435 3695 dubitare
455 3642 658 3717 possumus,
685 3641 796 3717 quum
823 3618 1005 3692 sententia
1027 3617 1164 3689 nulium
1191 3616 1259 3689 nisi
1282 3630 1382 3714 opta·

183 3752 295 3826 tivum
333 3764 475 3850 tempus
509 3749 674 3848 recipere
715 3749 889 3830 videatur.
943 3749 1050 3841 Quod
1089 3748 1119 3820 si
1157 3771 1280 3822 verum
1325 3750 1382 3842 sit,

182 3909 357 3984 germana
381 3895 437 3959 est
460 3883 609 3956 omnino
629 3883 746 3956 forma
768 3894 923 3983 γραφεα.
978 3881 1124 3967 Postea,
1147 3913 1203 3952 ται
1225 3879 1247 3953 1.
1266 3907 1299 3954 1.
1323 3915 1380 3982 τῃ,

182 4041 247 4114 pro
270 4049 379 4120 ταυτῃ
406 4019 474 4114 (11.
500 4017 639 4116 ρητρᾳ),
667 4017 766 4112 quod
786 4015 894 4113 vulgo
921 4012 1055 4087 factum
1079 4037 1204 4086 omnes
1229 4013 1382 4088 sciunt¹.

183 4145 250 4222 His
267 4149 385 4224 uerbis
401 4147 579 4235 innuitur,
600 4154 642 4219 ut
664 4147 786 4234 credo,
808 4144 919 4242 ipsius
941 4143 1166 4217 monumenti
1183 4143 1363 4219 violatio'.

255 4281 328 4357 Hic
351 4294 473 4358 nutam
500 4309 523 4356 a
552 4281 791 4356 Boissonadio
826 4289 1045 4355 memoratur
1076 4281 1286 4378 conjectura
1315 4281 1380 4357 viri

300 4532 313 4614 ξ
332 4535 378 4597 Cf.
392 4535 498 4596 Blomi.
511 4535 547 4594 sd
562 4536 642 4612 Sept.
655 4535 746 4596 Theb.
764 4541 811 4600 17.
921 4529 932 4562 ¹
952 4529 1064 4591 Videtis
1078 4529 1152 4590 inira
1164 4549 1193 4606 p.
1207 4535 1260 4597 17.
