3218 5116
209 367 485 444 .1nscn.Vlll.]
623 327 629 339 ⁸
719 404 725 416 ·
796 374 864 454 193

168 587 179 602 ·
218 543 315 619 haud
333 543 474 618 striatas
490 543 528 616 in
555 543 731 646 superiori
748 553 863 644 parte.
914 544 956 639 (i.
974 569 1007 621 e.
1028 542 1172 618 Torum
1190 540 1414 642 superiorem

215 683 391 782 spirarum
423 683 582 758 omniurn
616 686 714 758 haud
746 684 926 782 politum).

291 815 488 900 Columnas
505 839 631 890 omnes
657 817 755 890 haud
769 816 910 892 striatas
927 827 1063 915 praeter
1080 817 1161 890 ens¹
1185 839 1269 914 quae
1285 814 1413 914 parieti

214 947 396 1024 insistunt.
440 950 674 1051 Crepidiuenr
693 951 1008 1051 (“Stylobatanr”
1036 949 1109 1048 M.)
1139 929 1251 1024 totam
1283 949 1320 1022 in
1337 973 1413 1022 am·

212 1082 302 1156 bitu.
324 1085 421 1159 haud
451 1085 611 1184 politam.

292 1217 378 1294 Has
388 1195 526 1314 ¹partes
552 1218 701 1317 parietis
727 1218 866 1292 externi
895 1219 992 1291 haud
1017 1216 1160 1315 politas.

290 1350 479 1449 'Lapidis
518 1349 699 1426 canalitii²
731 1359 850 1448 partes
893 1329 1182 1448 quadrupedalea
1215 1372 1287 1423 v111
1331 1345 1411 1446 ejus

210 1504 261 1554 ac.
294 1479 358 1580 qui
382 1489 436 1554 eat
465 1480 503 1554 in
534 1481 689 1557 Pronao.

288 1608 417 1683 Partes
434 1608 721 1708 quadrupedales
734 1663 743 1682 .
754 1663 764 1682 .
777 1663 784 1680 .
798 1666 806 1683 .
820 1608 899 1710 ejus
917 1606 982 1707 qui
990 1607 1099 1706 juxta
1114 1605 1260 1705 postes³
1276 1617 1342 1681 est.

211 1826 343 1906 appellat.
358 1825 413 1888 Vl.
430 1827 476 1889 4.”
497 1827 626 1888 Wilkins.
656 1827 784 1900 Σπόριον
834 1828 923 1886 micus
947 1829 1022 1906 apud
1046 1827 1118 1887 Poll.
1143 1827 1182 1885 X.
1204 1830 1254 1888 25.
1278 1825 1407 1910 πρόθυρα

209 1945 228 1983 a
241 1923 385 1997 Stephano
399 1923 521 2000 cujusvis
533 1923 572 1980 rei
582 1923 712 1982 introitus
724 1941 783 1980 esse
835 1931 863 1982 et
885 1921 1075 2004 παραστάδας
1097 1922 1201 2000 jungit.
1244 1923 1299 1982 Sed
1319 1922 1407 1980 aliam

211 2019 322 2080 dicitur.
359 2017 414 2076 Sed
427 2017 582 2074 notandum
594 2029 638 2076 est
651 2017 679 2073 in
693 2017 786 2090 lapide
834 2034 942 2092 quoque
955 2018 1015 2074 vim
1029 2017 1092 2074 haec
1106 2035 1162 2074 vox
1176 2018 1270 2078 habet.
1313 2017 1410 2095 Hesy-

210 2112 288 2170 hnud
302 2121 401 2170 extare
415 2134 591 2188 arpennorum
609 2109 659 2168 ssed
674 2133 788 2187 προσπ·
837 2111 927 2170 eblus.
973 2110 1167 2190 παραστάδες,
1194 2119 1222 2170 di
1248 2115 1320 2192 aspris
1348 2123 1408 2173 ‘reis

211 2232 301 2282 αριαι.
329 2207 405 2280 Ergo
418 2215 468 2262 aut
479 2205 583 2262 erravit
594 2204 729 2278 sculptor,
741 2211 790 2260 aut
838 2204 951 2282 edixere
996 2201 1184 2284 τετραμμένοι
1224 2209 1320 2278 sinuas,
1354 2198 1408 2282 qlro

212 2299 790 2374 dealloquodamuerbocogitaudum'est.
837 2315 921 2354 sensu
951 2297 1098 2355 adhibetur
1125 2297 1198 2371 apud
1226 2299 1409 2360 Callixenum

214 2391 333 2464 Nescio,
351 2413 387 2452 au
401 2397 611 2475 spectauimus
624 2395 704 2453 bouae
717 2401 790 2452 notae
840 2392 973 2452 Athenaei
995 2392 1033 2454 V.
1060 2411 1088 2468 p.
1121 2398 1188 2460 197.
1229 2393 1276 2451 Cf.
1302 2393 1409 2451 Heron.

212 2494 262 2552 sit.
274 2487 414 2550 Miillerus
423 2490 488 2568 legit
497 2481 788 2572 'npdeNo'wv-ror'xu.
840 2477 959 2552 Alnm.
982 2511 1010 2567 p.
1025 2489 1095 2563 269.
1113 2499 1142 2548 et
1164 2509 1192 2568 ρ.
1210 2491 1410 2552 inscitatum

254 2587 484 2667 ‘trapam-ridor.
505 2586 668 2648 Willslnslus
683 2590 710 2648 ln
725 2609 789 2648 ver·
838 2593 874 2651 ab
907 2591 1072 2650 Hemsterh.
1103 2591 1139 2648 ud
1175 2589 1249 2648 Poll.
1283 2591 1337 2648 X.·
1361 2594 1409 2653 25.

213 2683 423 2762 sioueAnglica
432 2685 531 2756 reddit,
539 2684 683 2754 Piluaterr
702 2705 788 2764 supra
838 2690 993 2766 Singularis
1026 2708 1093 2748 vero
1127 2707 1259 2748 numerus
1297 2687 1411 2752 diversi·

213 2780 448 2854 autem,1’ostis.
489 2785 574 2859 Apud
597 2784 712 2846 Latinos
735 2787 788 2845 Pa·
836 2788 1077 2862 tatemsignificat
1096 2796 1125 2845 et
1144 2787 1267 2862 spatium
1287 2787 1410 2864 amplius

213 2888 305 2938 rastas
332 2878 437 2954 lapides
459 2878 504 2936 vel
529 2886 622 2955 postea
647 2879 788 2956 signifieat
836 2881 999 2957 complexus
1017 2884 1125 2941 videtur
1144 2884 1336 2960 seu-porticus
1359 2905 1409 2946 seu

214 2969 363 3053 utrumque
405 2973 479 3032 latus
523 2972 587 3028 ostii
631 2977 787 3030 munientes
837 2977 935 3035 schola
953 2977 1001 3050 (ef.
1016 2977 1089 3036 Plin.
1108 2997 1219 3037 xxxv.
1236 2969 1295 3058 10.)
1317 2983 1411 3042 alioue

212 3071 360 3148 (Augilas,
381 3067 570 3144 doorjunsls).
611 3065 657 3127 Cf.
673 3067 786 3126 Vitruv.
836 3071 950 3130 nomine
963 3070 1155 3149 appellandus.
1200 3077 1246 3134 Ex
1269 3079 1410 3157 Euripidis

213 3172 255 3232 X.
274 3179 320 3230 10.
362 3170 511 3228 Parastata
531 3175 625 3227 autem
647 3167 718 3241 (sive
739 3184 789 3243 pa·
838 3168 899 3226 loco
920 3168 1170 3233 inrtndromache
1188 3175 1323 3251 suspicari
1344 3178 1411 3238 licet

212 3265 348 3324 rastatica
383 3265 497 3324 Vitruv.
529 3265 568 3322 X.
606 3273 653 3324 10.
714 3263 787 3323 Pliu.
838 3269 1013 3349 παραστάδα
1029 3272 1151 3347 porticus
1171 3273 1255 3336 tuisse
1273 3279 1410 3356 parietem

188 3378 305 3434 ,xxia
334 3367 400 3418 111.
428 3365 488 3435 15.)
508 3359 658 3419 columella
676 3368 719 3420 est
744 3379 789 3419 se·
823 3369 865 3426 „in
892 3387 946 3445 quo
972 3387 1053 3427 arma
1085 3390 1218 3448 suspensa
1248 3376 1332 3437 suere.
1375 3381 1409 3439 In
1501 3369 1509 3397 ⁸

212 3455 336 3514 cundum
350 3454 486 3530 pamm
502 3455 785 3533 1)08ἷῑ8(Ᾱ“81ῑο<ὴα
836 3475 931 3524 nostro
962 3464 1023 3524 loco
1058 3467 1195 3541 porticum
1230 3491 1291 3531 esse
1328 3484 1409 3550 putat

211 3551 354 3628 pilmter.)
394 3550 490 3610 Multa
516 3553 550 3610 de
573 3553 601 3608 vi
626 3553 704 3610 verbi
731 3575 786 3610 πα·
836 3561 1033 3632 Schneiderus‚
1056 3575 1085 3622 et
1106 3567 1230 3642 appellat
1251 3569 1410 3646 inscriptio·

212 3647 327 3728 parada
353 3645 427 3721 apud
455 3647 571 3706 Groecos
603 3647 785 3708 Schneider&
836 3675 900 3717 nem
914 3660 987 3735 apud
999 3659 1152 3723 Chandlar.
1167 3665 1408 3741 p.23.(1.1nsc1·.

213 3744 261 3818 (ad
276 3743 390 3803 Vitruv.
405 3744 461 3802 Vl.
476 3751 504 3810 7.
523 3751 569 3818 1.).
594 3745 785 3826 Παρασπᾶδεα
838 3761 922 3831 nux.)
936 3756 988 3814 hoc
1000 3757 1082 3815 modo
1096 3769 1278 3834 conceptam

213 3836 340 3914 (plural.)
353 3839 388 3896 ad
403 3847 514 3914 portam
528 3839 573 3896 vel
587 3841 691 3898 ostium
705 3841 786 3915 perti—
855 3848 1026 3931 ἀναγράψω
1040 3851 1071 3910 la*
1088 3853 1127 3910 τὲ
1142 3851 1284 3934 ww
1298 3857 1327 3918 g„
1347 3861 1389 3940 ,ᾖ

213 3949 283 4003 ‚nent
295 3947 349 3996 eta
360 3937 450 4012 poe'lls
463 3955 513 4013 pro
524 3937 682 4013 ipsajanua
691 3937 787 3996 (llrun-
857 3945 1022 4024 παραστᾶδι
1036 3949 1075 4028 τῇ
1089 3948 1148 4027 πρὸ
1160 3951 1214 4006 τοῦ
1227 3953 1349 4031 ἀρχεῖον

209 4042 270 4090 tur.
283 4031 350 4092 Eur.
362 4031 460 4090 Phoen.
472 4031 543 4092 426.
553 4034 691 4090 Andrum.
700 4039 786 4092 1118.
837 4041 884 4098 ubi
903 4041 1079 4100 Chandlerus
1092 4043 1185 4114 vertit,
1206 4043 1236 4099 in
1247 4053 1328 4118 porte
1347 4067 1408 4124 quoe

153 4176 165 4205 ⁸
215 4125 320 4202 Pollux
347 4138 439 4204 postes
465 4130 541 4205 ipsos
568 4129 621 4188 hoc
650 4129 786 4188 vocabulo
834 4137 1014 4194 «mesariam
1027 4145 1088 4206 ταῖς
1111 4136 1406 4205 Schneiderusautsm

214 4223 365 4301 aliquando
387 4227 541 4305 significari
560 4226 668 4286 notavit
689 4227 712 4285 1.
737 4225 786 4296 76.
833 4223 971 4308 sparticum
984 4231 1136 4308 significari
1153 4234 1313 4300 arbitratur.
1350 4237 1406 4300 Sed

209 4320 342 4394 ,απαθμοὶ
369 4321 399 4382 11
433 4327 474 4382 τά
507 4323 681 4404 ἑκατέρωθεν
714 4324 785 4407 ξύλα
837 4327 1013 4386 Chaudlenrs
1046 4345 1172 4386 marmur
1201 4329 1230 4386 in
1262 4348 1317 4405 quo
1344 4332 1407 4392 haea

211 4417 295 4492 ματα*
321 4421 445 4499 πλευραῖν
475 4423 532 4480 πᾶν
567 4423 654 4502 dupin
688 4422 709 4480 d
742 4421 787 4481 sal
835 4421 1011 4492 incisasunt,
1030 4429 1139 4498 purtem
1159 4439 1216 4478 esse
1231 4421 1323 4497 postis
1341 4435 1407 4484 ante

218 4513 409 4594 παρααπάδαπ
434 4521 532 4598 φασίν.
574 4517 707 4581 Cratinus
735 4519 789 4578 Co·
834 4517 941 4576 curiam
967 4517 1067 4577 diserte
1093 4524 1220 4578 testatur.
1246 4519 1406 4588 -Quosirca

885 4622 955 4687 Bn
