3176 5094
216 405 225 473 l
631 421 971 470 rnrrrtsuorrusn.

222 589 295 654 tela
322 585 500 675 apparent
524 578 561 649 in
591 577 753 651 omnium
773 574 1021 650 vetustissimis
1039 597 1128 672 quas
1151 575 1273 674 Regia
1300 581 1425 647 nostra

224 708 440 782 parisiensis
464 708 626 802 possidet
644 707 844 780 Academia
863 705 1072 778 marmoreis
1090 705 1222 777 tabulis
1243 702 1425 798 Pelopon-

225 837 360 910 nesiaci
378 835 461 908 belli
479 839 662 934 tempore¹
680 836 890 932 insculptis;
919 838 992 908 duo
1008 845 1146 908 tantum
1165 833 1283 906 officia
1299 855 1426 904 eorum

226 969 341 1040 altera
357 967 494 1064 profert
509 968 678 1041 extremis
696 967 810 1041 literis
829 967 1001 1040 mutilata.
1032 965 1296 1062 compendium
1316 964 1428 1036 hube-

228 1111 286 1174 tur
298 1101 435 1174 nullum
448 1101 485 1174 in
502 1099 775 1193 Theatralibus,
793 1103 839 1172 ab
852 1099 909 1172 illa
927 1109 1035 1172 aetate
1050 1098 1145 1169 haud
1159 1097 1271 1193 longe
1282 1091 1428 1174 dissitis,

227 1233 521 1330 inscriptionibus
536 1233 699 1329 quinque
713 1255 802 1328 quas
821 1231 994 1328 Cyriacus
1008 1228 1260 1301 Anconitanus
1272 1219 1378 1296 ciris¹
1390 1221 1429 1292 in

230 1365 375 1438 Graecia
388 1363 478 1437 vidit
495 1373 533 1435 et
549 1362 748 1457 exscripsit,
763 1361 926 1461 uiditque
945 1360 1090 1456 pariter,
1108 1368 1220 1452 atque
1233 1357 1360 1427 iterum
1377 1373 1430 1422 re·

230 1483 508 1590 tulitSponius³
525 1493 731 1589 quibusque
754 1491 967 1586 persimilem
987 1496 1109 1562 πίνακα
1127 1491 1187 1576 τῆς
1204 1491 1287 1572 νίκης
1300 1485 1431 1561 dicavit

232 1620 512 1707 Themistocles,
532 1631 568 1692 et
585 1620 800 1694 Plutarchus
813 1621 930 1693 effert.
975 1621 1089 1694 Nulla
1106 1621 1183 1694 fere
1198 1620 1326 1694 visitur
1339 1641 1432 1692 com·
1530 1685 1539 1694 .

232 1751 419 1849 pendiaria
435 1751 618 1823 scribendi
644 1752 735 1824 ratio
755 1752 793 1824 in
822 1751 1109 1848 Antiquitatibus
1129 1750 1310 1836 Asiaticis,
1341 1771 1431 1844 quas

235 1903 367 1976 magno
387 1880 437 1952 rci
453 1880 621 1956 literariae
638 1882 873 1970 incremento,
897 1884 1112 1957 Edmundus
1131 1883 1307 1972 Chishull.
1325 1883 1431 1954 docte

235 2009 394 2107 collegit,
418 2011 674 2112 vulgavitque3
704 2016 750 2087 de
778 2013 819 2085 iis
837 2015 1014 2111 intelligas
1032 2037 1114 2111 quoe
1137 2013 1292 2086 Caesaris
1309 2036 1352 2084 ac
1369 2011 1431 2083 tri·

237 2139 455 2213 umvirorum
474 2152 637 2238 tempora
658 2154 902 2217 antevertunt.
946 2145 1049 2217 Nihil
1075 2145 1324 2243 hujuscemodi
1346 2166 1432 2214 con·

237 2271 328 2344 tinet
352 2272 531 2368 Spartana
551 2272 675 2347 Musei
698 2276 810 2348 nostri
828 2274 1014 2370 inscriptio
1032 2275 1253 2370 amplissima·
1266 2275 1432 2370 Ephorus

239 2401 485 2476 Phaebotelem
509 2416 546 2476 et
569 2404 725 2501 collegas
750 2430 825 2500 prae
853 2429 891 2477 se
923 2406 1055 2478 ferens.
1113 2405 1206 2502 lpsae
1233 2405 1433 2479 numerales

240 2541 336 2604 notae
362 2533 398 2604 in
435 2535 638 2606 veterrimis
668 2534 879 2606 Graecorum
908 2537 1085 2630 lapidibus
1114 2560 1197 2608 raro
1226 2545 1431 2608 occurrunt.

241 2663 486 2735 Donariorum
522 2663 686 2735 recensio
721 2687 803 2760 qnae
843 2666 1004 2761 Apollini
1039 2666 1219 2764 Didymen
1259 2666 1433 2738 Seleucus

241 2791 462 2866 Callinicus*
497 2793 652 2877 miserat,
680 2795 863 2889 perpetuis
898 2798 1056 2869 numeris
1091 2808 1244 2884 constat,
1279 2798 1341 2869 sed
1373 2819 1434 2868 cx-

242 2926 375 3020 pansis,
403 2936 439 2998 et
467 2949 534 3020 per
556 2925 739 2998 literarum
758 2927 1053 3022 consequentiam
1070 2927 1280 3024 explanatis.
1333 2927 1434 2998 ldem

243 3057 341 3130 dicas
358 3060 404 3130 de
422 3055 597 3128 consimili
616 3067 851 3130 monumento
870 3059 966 3152 quod
995 3058 1110 3156 Regis
1137 3059 1276 3132 Prusiae
1303 3081 1435 3131 nomen

245 3187 421 3260 nobilitat.
477 3185 579 3256 lnter
602 3195 738 3256 remoto
758 3187 948 3258 admodum
972 3213 1051 3262 sevo
1070 3192 1272 3284 conscripta
1297 3189 1435 3262 Oxoni-

245 3315 341 3388 ensis
366 3325 504 3386 tantum
532 3313 763 3407 Epocharum
791 3320 1015 3391 enumeratio
1035 3345 1149 3392 annos
1166 3345 1291 3394 omnes
1308 3297 1437 3394 Atticis

245 3443 414 3538 designat
447 3441 552 3513 notis.
605 3441 689 3516 Nec
725 3447 893 3520 habuisse
929 3449 1093 3522 videntur
1125 3452 1246 3525 Graeci
1281 3452 1437 3550 speciale

248 3597 379 3646 nomen
416 3596 488 3668 quo
531 3573 746 3670 singularias
785 3589 1037 3665 connotarent,
1081 3580 1296 3652 Plutarchus
1331 3581 1438 3665 enim,

237 3713 288 3774 'ut
314 3701 537 3800 significaret
563 3701 727 3775 Marcum
754 3705 915 3778 Tullium
935 3707 1064 3781 votivae
1081 3709 1213 3781 ubulae
1230 3732 1295 3804 per
1312 3701 1366 3780 M.
1386 3707 1436 3780 Τ.

248 3853 287 3902 se
311 3831 578 3926 conscripsisse,
605 3832 656 3904 sic
685 3834 865 3930 loquitur;
892 3839 939 3910 τιν’
963 3846 1084 3935 πρῶτα
1107 3847 1174 3914 τῶν
1200 3837 1254 3912 δύο
1274 3840 1440 3924 ὀνομάτων

248 3961 444 4056 ἐπέγραψε,
473 3961 618 4054 primos
652 3963 807 4036 duorum
837 3969 1024 4042 nominum
1057 3969 1185 4050 literas
1218 3969 1440 4064 interpolas

165 4217 172 4224 .
288 4169 426 4226 ¹Debuit
463 4169 507 4227 vir
543 4169 652 4230 clariss.
694 4173 820 4247 “paullo
909 4180 1028 4259 'Sp0n,
1056 4186 1346 4260 Tom.111.p.21,
1373 4193 1440 4254 109.

247 4277 311 4325 ante
326 4267 391 4324 belli
407 4266 632 4342 Peloponnesiaci
646 4272 802 4346 tempora''
870 4283 939 4338 atu.

756 4353 760 4362 '
909 4367 1194 4432 warunnam.
1211 4371 1301 4450 pso.
1344 4373 1441 4432 ronias

288 4465 301 4500 l
322 4460 434 4536 Cyriar.
447 4481 474 4536 p.
487 4467 516 4530 9,
535 4470 580 4522 10.
770 4523 772 4528 ,
872 4465 1049 4539 Antiquitiea,
1072 4485 1100 4540 p.
1115 4471 1164 4534 39.
1180 4466 1237 4540 (ed.
1252 4467 1297 4542 2.)
