3204 5104
169 421 302 488 Iuscn.
325 416 406 496 111.]
761 427 805 502 19

167 595 311 682 attinet,
335 595 433 668 bene
454 593 626 669 Groecum
654 606 709 670 est
732 631 899 682 ομωνυμον
915 629 1050 695 ›an-:pon
1097 597 1154 669 lte
1175 595 1376 670 Ιεοοταιειι

169 723 563 812 Σαλαμῖνα-ὁμώνυμον
578 734 641 813 φῆς
657 727 828 826 πρότερόν
845 726 938 820 αὑτῷ
954 721 1126 826 πατρίδος.

247 859 309 933 De
347 857 460 932 verbo
492 889 621 933 κειτισα
655 883 782 933 omues
818 860 1061 944 consentiunt,
1087 868 1129 932 ut
1160 882 1226 956 pro
1258 852 1379 928 ἓκτισα

170 989 349 1087 scriptum
364 1000 507 1088 putent.
550 989 711 1066 lucente
730 993 815 1065 ver'e
834 991 905 1065 dici
922 1002 1054 1090 potest,
1075 993 1170 1066 hunc
1187 992 1337 1067 formem
1356 1013 1380 1061 e

171 1149 260 1200 veru
275 1125 374 1206 hnud
398 1126 514 1225 megin
539 1124 715 1200 dissidere
732 1149 840 1221 quum
867 1125 991 1200 multae
1012 1149 1095 1224 quoe
1114 1125 1153 1198 iu
1173 1125 1292 1222 lupide
1312 1123 1377 1197 illo

173 1257 363 1332 Rosettaeo
382 1267 592 1332 occurrunt.
635 1261 684 1332 At
714 1259 745 1334 ei
775 1262 1015 1334 concedamus
1044 1259 1258 1356 sculptorern
1287 1257 1379 1331 adeo

171 1390 373 1466 barbarum
403 1390 517 1465 fuisse
548 1402 588 1465 ut
613 1393 713 1466 inter
744 1426 873 1469 κειτισα
900 1405 938 1466 et
965 1396 1080 1468 ἐκτισα
1105 1391 1196 1468 nihil
1230 1391 1377 1466 differre

172 1529 330 1617 putaret,
380 1521 416 1592 id
464 1544 612 1621 quoque
661 1523 945 1612 concedendum,
999 1523 1090 1598 nihil
1134 1522 1284 1597 omnino
1323 1523 1377 1596 ‚de

174 1651 407 1726 Graecorum·
431 1653 665 1749 antiquorum
707 1653 888 1728 scribendi
924 1678 1025 1727 more
1063 1678 1109 1728 ex
1148 1654 1217 1726 hoc
1255 1652 1377 1751 lapide

173 1785 284 1859 stetui
310 1809 431 1882 posue.
483 1785 576 1860 Cum
603 1787 784 1860 autemid
812 1786 900 1860 mihi
922 1787 1071 1861 omnino
1096 1809 1308 1884 persuasum
1332 1785 1378 1859 sit

174 1919 442 2018 Apogruphum
471 1928 646 2005 nostrum,
680 1920 787 1992 modo
816 1917 939 1992 titulus
968 1919 1152 2016 genuinus
1184 1917 1242 2005 sit,
1277 1942 1376 1992 men·

173 2056 297 2130 douius
316 2081 399 2131 esse
416 2057 524 2156 qun'm
539 2069 580 2134 ut
593 2060 639 2134 de
658 2083 702 2133 eo
721 2059 905 2156 disputare
923 2069 1001 2132 tuto
1023 2059 1213 2155 possimus,
1241 2069 1278 2131 et
1295 2081 1376 2133 meo

174 2203 213 2266 et
236 2192 381 2266 lectoris
401 2195 477 2268 otio
494 2196 640 2294 longius
661 2195 763 2268 abuti
787 2196 884 2269 nolo.
933 2195 1040 2286 Quod
1063 2195 1093 2267 ei
1116 2195 1375 2293 Apogrnphum

173 2327 378 2402 accuratius
407 2353 453 2402 ex
471 2330 602 2402 Ionum
631 2329 757 2404 insulis
784 2327 962 2426 ec'cepero
988 2339 1184 2426 antequam
1211 2353 1302 2426 opus
1329 2332 1374 2404 ud

175 2459 285 2536 finem
308 2463 528 2560 perduxero,
555 2465 701 2540 iduum
727 2464 945 2540 Lectoribus
974 2466 1011 2538 in
1039 2465 1252 2563 'Appendice
1277 2492 1384 2542 com-1

175 2595 380 2670 muuicubo.

392 2805 401 2842 ¹
424 2807 541 2867 noerae.
561 2809 589 2865 in
610 2808 702 2886 Evag.
716 2829 744 2884 p.
759 2815 826 2878 192.
841 2807 876 2870 C.
891 2810 936 2867 ed.
951 2810 1046 2886 Steph.
1066 2815 1152 2878 1593.
