3218 5116
779 374 850 434 1³2
1184 365 1336 451 [Causa.
1359 341 1423 434 hi.

225 551 373 654 recepta
394 563 450 630 est
463 553 485 645 ¹,
512 575 611 628 enno
628 575 759 650 nempe
776 559 1042 650 postnostrnm
1065 573 1223 626 marmor
1245 551 1423 636 incisum

88 758 91 764 .
225 711 309 762 cunr
328 687 468 788 Anytus
484 686 530 758 ad
548 683 700 759 i-nsulern
719 683 891 757 tuendam
909 682 956 756 ab
973 679 1263 756 Atheniensibus
1281 682 1425 776 missus,

131 923 139 932 Ι
225 819 385 906 domum,
410 841 450 891 re
471 815 617 903 iniectu,
644 815 822 889 rediisset.
873 811 971 886 Setis
996 821 1117 887 autern
1145 812 1361 912 diligentiae,
1389 828 1428 890 ut

226 951 381 1036 videtur,
408 949 445 1023 iu
464 945 554 1052 Pylo
574 949 710 1023 tuenda
726 958 924 1046 posuerant
948 945 1218 1034 Atheniensem
1246 947 1307 1020 hic
1325 949 1427 1024 eninr

225 1091 360 1180 praeter
390 1082 564 1182 huytnnr,
599 1081 709 1154 alium
741 1103 889 1178 quoque
920 1079 1064 1168 ducem,
1095 1103 1194 1151 anno
1224 1093 1427 1175 praeeuute,

178 1207 180 1218 '
226 1211 273 1284 nd
296 1211 425 1286 insulse
449 1213 598 1286 tutelam
627 1209 774 1284 missum
800 1233 879 1282 esse
905 1207 1078 1282 vidernus.

302 1345 394 1419 Cum
429 1349 509 1420 haec
548 1343 725 1442 Prytanis
761 1338 1034 1416 a'duodecirno
1068 1339 1346 1416 Boedromionis
1381 1346 1428 1419 ad

225 1479 469 1552 sexdecimurrr
509 1471 773 1572 Pyanepsionis
818 1471 1012 1555 duraverit,
1053 1471 1121 1544 tria
1160 1495 1263 1545 sacra
1297 1473 1336 1545 in
1383 1497 1429 1548 ea

225 1611 406 1687 celebrata
424 1623 503 1680 esse
517 1605 605 1678 satis
620 1614 771 1695 constat,
797 1603 986 1679 Eleusinia
1002 1603 1152 1692 scilicet,
1171 1583 1427 1702 Oschophoria

225 1753 265 1816 et
281 1737 589 1834 Thesmophoria.
642 1737 735 1810 Cum
753 1749 874 1812 autem
897 1737 1189 1837 Thesmophoria
1207 1738 1255 1812 ab
1272 1737 1428 1812 Atheni·

226 1871 374 1945 ensibus
398 1867 543 1943 feminis
568 1869 850 1957 celebrarentur,
879 1868 996 1966 quaeri
1022 1877 1140 1966 potest
1163 1893 1211 1942 un
1236 1869 1273 1941 in
1302 1891 1424 1942 eorurn

224 2030 330 2080 usum
356 1999 534 2097 decidente?
562 2004 624 2077 ilia
652 2003 733 2078 iieri
761 2003 904 2076 soteret.
958 1999 1079 2076 Multa
1105 2004 1152 2076 ad
1173 2001 1243 2076 hoe
1266 2021 1426 2078 murmur

224 2143 263 2208 et
303 2133 509 2208 doctissime
549 2131 735 2223 Biichhius
771 2135 817 2207 de
849 2155 1003 2218 numero
1038 2133 1171 2208 civium
1212 2135 1425 2210 Atticorum.

225 2269 299 2344 Sed
326 2293 408 2344 curn
433 2269 586 2366 piurima
612 2292 717 2342 sacra
742 2292 816 2341 non
843 2290 954 2340 unum
982 2269 1046 2340 sed
1070 2267 1192 2364 plures
1214 2267 1293 2343 dies
1320 2270 1425 2343 dura·

224 2381 355 2491 verint,
378 2413 427 2490 et,
447 2403 476 2476 si
495 2400 777 2500 'Theophrasto'
792 2401 902 2475 fidem
920 2402 1107 2490 hahemus,
1128 2398 1281 2500 singulis
1298 2399 1424 2475 diebus

206 2537 405 2636 =theutrum
451 2546 579 2634 quater
623 2536 884 2631 spectatoribus
925 2535 1141 2632 completum
1183 2546 1291 2630 esset,
1317 2536 1420 2608 iidem

225 2665 348 2740 forsan
392 2667 520 2740 codem
557 2665 617 2738 die
656 2667 746 2740 duos
786 2666 862 2741 illos
900 2667 1026 2740 obolos
1064 2667 1199 2766 pluries
1239 2691 1426 2765 accepere,

226 2823 340 2897 quare
370 2797 459 2871 nihii
483 2822 531 2871 ex
550 2797 605 2870 his
629 2795 815 2892 διωβελίαις
840 2799 1014 2899 cognosci
1037 2773 1168 2898 potest.
1220 2799 1263 2872 lu
1288 2799 1428 2873 Orcho.-

223 2931 387 3030 phoriis⁴
416 2941 537 3020 autem
565 2941 602 3006 et
631 2931 826 3020 Eleusiniis
854 2933 964 3006 rnuita
995 2906 1202 3032 spectacula
1229 2931 1326 3006 edita
1350 2957 1429 3016 esse

222 3065 312 3140 satis
338 3063 484 3140 ecimus.
1013 3035 1017 3042 .

301 3195 418 3282 Pnrr.
441 3195 506 3270 lv.
560 3191 653 3272 Hoec
685 3198 859 3297 Prytanis
892 3224 915 3273 a
946 3197 1230 3297 septemdecimo
1257 3195 1427 3296 Pyanep·

223 3327 336 3404 sionis
362 3352 476 3426 usque
507 3329 553 3401 ad
580 3328 791 3429 vigesimum
822 3341 859 3403 et
885 3303 1086 3404 secundum
1117 3327 1427 3412 Maemacteriouis

131 3539 134 3548 ,
225 3460 379 3543 duravit,
431 3459 691 3558 Pynnepsionn
746 3461 844 3534 enirn
903 3472 1072 3560 quartum
1126 3484 1206 3532 esse
1265 3483 1427 3538 mensem

226 3589 386 3664 Atticum
404 3587 490 3660 satis
506 3589 665 3660 ostendit
681 3587 949 3662 Burtheteruius
961 3590 988 3664 ⁵.
1042 3589 1086 3662 ln
1102 3588 1199 3662 huuc
1214 3586 1425 3688 Prytaniam

227 3717 418 3812 Apaturie,
444 3716 597 3816 Dorpia,
622 3728 659 3792 et
676 3717 748 3791 alia
773 3743 875 3792 sacra
892 3719 1066 3807 incidere,
1092 3719 1305 3815 quorum-in
1324 3741 1426 3794 usum

227 3841 388 3938 διωβελία
405 3849 466 3924 hic
488 3859 687 3923 memorata
705 3848 800 3923 facta
815 3861 882 3924 ert.

265 4053 276 4085 ¹
299 4047 346 4108 Cs.
362 4047 479 4116 Diodor,
494 4045 578 4108 xrrr.
591 4049 642 4118 64,
856 4051 961 4120 Blornf.
982 4053 1022 4116 iu.
1044 4054 1123 4118 Mus.
1145 4051 1217 4116 Crit.
1238 4049 1380 4114 Tom,11.
1400 4069 1429 4126 p.

266 4141 345 4205 ⁸Ci,
385 4141 504 4203 Aristot.
535 4143 568 4203 de
606 4145 678 4222 Rep.
707 4144 748 4210 11.
776 4152 805 4212 7.
856 4158 926 4222 474,

229 4233 369 4304 nemost,
403 4237 437 4294 ue
475 4237 577 4300 coron.
613 4258 642 4314 p.
669 4243 738 4306 477.
769 4239 804 4298 e.
895 4243 974 4304 ⁴cr.
1003 4244 1113 4304 norun.
1151 4247 1182 4304 r.
1213 4226 1365 4303 esrom.
1390 4241 1429 4306 11.

231 4331 346 4418 Ulpiau.
368 4333 398 4392 in
420 4331 542 4410 Olynth.
560 4334 583 4392 l.
604 4354 631 4410 p.
649 4341 715 4393 134.
856 4363 884 4418 p,
898 4346 968 4404 353,

267 4429 431 4514 'Theoph
458 4451 505 4506 ap.
539 4429 681 4496 Churdon,
708 4433 743 4490 de
778 4433 807 4491 ln
895 4437 1429 4513 ⁵Mem.de1·hcad.des1nscrtpt

229 4527 377 4592 Roehette.
394 4527 543 4604 Melanges
557 4529 595 4588 11.
616 4549 643 4604 p.
659 4537 726 4598 174.
758 4530 805 4592 Ct'.
857 4533 941 4595 Tom.
958 4553 1088 4616 xnvrrr.
1099 4541 1171 4604 895.
1186 4554 1227 4610 sq.
