3196 5100
177 412 300 478 lusco.
321 403 362 482 1.]
620 453 625 464 .
732 403 801 480 ⁹7⁶

177 591 214 656 et
244 590 347 652 notos
372 576 493 650 ovium
520 583 632 670 atque
741 641 743 644 .

175 734 376 811 caprorum,
404 718 514 804 atque
543 703 702 788 bovium,
725 708 835 796 atque
864 719 1055 794 equorum,
1088 703 1125 764 et

175 848 204 918 si
233 845 354 942 aliqua
376 853 461 914 noto
490 839 587 910 houd
615 834 773 934 insignia
803 835 885 920 sint,
921 841 958 902 et
993 850 1183 900 numerum
1199 852 1209 911 ;
1238 821 1335 895 houd

174 990 295 1052 autem
318 975 491 1050 inscribat
517 971 690 1069 majorem
722 987 913 1038 numerum
939 983 1049 1056 quarn
1080 958 1142 1054 qui
1169 953 1375 1027 scribantur

175 1115 360 1209 inpacto.
413 1109 450 1180 Si
485 1117 604 1178 autem
636 1100 765 1197 aliquis

175 1246 298 1345 exigat
326 1245 373 1316 ab
397 1239 543 1313 Eubulo
570 1234 724 1331 pretium
756 1224 1009 1324 pabulationis‚
1036 1219 1167 1294 debeat

176 1380 300 1454 civitas
334 1369 558 1449 Orchomeni
589 1363 734 1464 argenti

175 1509 417 1610 quadraginta
449 1503 564 1576 minas
590 1497 734 1573 Eubulo
761 1492 913 1593 singulis

175 1639 292 1724 aonio,
320 1646 359 1710 et
389 1657 533 1706 usuram
568 1629 695 1713 solvat,
724 1626 913 1699 drachmas

254 1794 318 1865 pro
344 1765 498 1864 singulis
530 1761 651 1848 minis,
685 1781 810 1832 mense

176 1903 295 1988 omoi3
332 1911 369 1972 et
388 1898 453 1996 jus
482 1895 528 1966 sit
556 1893 703 1966 Eubulo
728 1891 824 1962 lianc
847 1885 1046 1980 pecuniam
1079 1879 1319 1980 recuperandi

175 2032 375 2107 secundum
402 2021 731 2099 Orchomeoiorom
757 2019 869 2115 leges.

175 2265 211 2321 ud
241 2259 368 2336 liesych.
393 2255 509 2312 vocibus
535 2254 696 2312 narrarint
725 2259 753 2307 et
804 2248 881 2328 λάσῃ
893 2244 1013 2320 reponit.
1034 2245 1060 2300 'l'
1061 2263 1109 2302 um
1121 2241 1255 2314 ἐννόμων,
1270 2243 1381 2304 ‹lia-m

176 2360 342 2446 rporra‘rrrrror
355 2355 485 2413 advocat.
802 2347 833 2402 ἐν
848 2341 916 2423 νόμῃ
933 2359 993 2398 esse
1007 2349 1097 2414 putat,
1116 2342 1221 2397 addens
1236 2342 1381 2398 civitatem

216 2453 337 2524 ⁸Brnr,
360 2460 390 2509 ut
412 2451 521 2526 opinor,
543 2451 686 2508 Dobraeus
709 2442 756 2514 ἐμ·
806 2431 915 2492 Eubulo
943 2431 1089 2508 pecuniam
1119 2431 1227 2489 solvere
1256 2429 1382 2507 polliceri

178 2548 296 2630 πράττῃ
327 2546 469 2622 supplerit
498 2565 535 2604 ex
562 2541 690 2619 eoquod
713 2539 755 2595 in·
805 2533 828 2590 si
850 2531 910 2608 quis
935 2531 1008 2588 latro
1028 2549 1066 2586 ex
1090 2531 1165 2588 urbis
1189 2532 1299 2606 pascuis
1320 2531 1381 2606 ejus
1469 2523 1472 2528 ’

178 2645 221 2702 fra
239 2644 350 2718 ponitur
366 2641 540 2720 ἔμπρακτος,
581 2638 626 2698 Cf,
643 2653 752 2714 quoque
806 2645 888 2703 perus
929 2624 1083 2686 abstulerit.
1133 2626 1188 2684 Sed
1228 2625 1379 2683 absurdum

179 2737 274 2796 Reisk,
289 2737 350 2794 lod,
366 2737 498 2796 nemost,
511 2757 538 2794 v,
554 2730 750 2812 εἰσπράττειν,
802 2731 886 2792 esset,
907 2732 938 2778 ut
951 2722 1022 2778 mihi
1036 2724 1157 2794 videtur,
1177 2741 1312 2798 quantum
1335 2741 1381 2798 pe·

180 2833 299 2890 Summa
312 2831 349 2889 rei
365 2833 425 2889 haec
439 2841 491 2891 est,
534 2831 609 2888 Cum
630 2825 751 2894 populum
801 2820 889 2877 cuoiae
917 2816 1025 2874 solvere
1047 2830 1186 2891 oporteret
1201 2821 1378 2888 constituere,

176 2930 273 2986 omnia
295 2927 371 2984 urbis
395 2943 499 3000 pascua
520 2923 608 2996 pretio
629 2919 750 2992 quodam
803 2913 856 2968 nisi
874 2911 1017 2982 cognitum
1037 2923 1111 2968 esset
1125 2923 1194 2986 quot
1212 2933 1314 2988 pecora
1327 2916 1377 2971 ab·

177 3021 366 3092 conduxisset,
383 3021 447 3093 jure
460 3016 539 3094 queri
551 3013 624 3090 qood
641 3009 750 3068 Eobolo
803 3009 861 3062 lata
873 3004 1001 3061 luissent.

176 3119 204 3178 in
218 3119 263 3175 his
275 3115 342 3190 ipsis
355 3114 465 3188 pascuis
480 3119 523 3168 tot
541 3105 675 3165 animalia
689 3123 751 3178 pas·
841 3104 853 3136 ⁴
875 3097 977 3154 Nescio
991 3117 1026 3154 ao
1047 3104 1161 3158 καττιδς
1180 3103 1224 3159 vel
1248 3106 1307 3160 κὰτ
1322 3107 1376 3160 rrle

177 3211 257 3270 cendi
274 3211 322 3286 jus
344 3208 441 3265 datum
466 3207 512 3276 sit,
534 3211 562 3262 et
586 3203 621 3258 ab
642 3219 675 3257 eo
690 3217 753 3273 pre·
803 3191 895 3266 legere
919 3191 1081 3248 debeamus.
1130 3195 1297 3253 Eustothius
1326 3196 1376 3271 (ad

177 3311 248 3368 tium
272 3303 457 3382 pabulationis
482 3319 625 3378 reposcere
648 3305 748 3373 posset.
805 3285 935 3345 ΗΜΛ·
959 3305 987 3360 p·
1003 3291 1072 3345 898.
1090 3285 1108 3345 1.
1124 3293 1174 3348 ³9.
1197 3297 1225 3345 et
1242 3289 1277 3346 od
1294 3289 1376 3349 lliod.
1411 3265 1416 3272 ¹

177 3402 262 3472 Quod
297 3401 320 3460 si
355 3400 467 3468 laceret,
502 3397 603 3454 civitas
639 3391 749 3450 Eubulo
802 3383 1375 3462 11111106.1.1ε.)1ε311π1ττ.ῑῑιι
1440 3367 1443 3374 ¹

175 3509 284 3558 certam
305 3495 428 3573 pecuoiae
449 3510 592 3551 summam
616 3487 748 3564 (pretium
799 3482 906 3540 Theor.
923 3480 1008 3557 ldyll.
1023 3481 1060 3537 V.
1076 3487 1126 3544 74.
1148 3493 1175 3539 et
1186 3483 1371 3539 Casaubonos

175 3604 244 3668 puta
263 3589 459 3668 pabulatioois)
479 3583 633 3662 pollicetur,
653 3592 682 3638 et
702 3597 749 3636 eo·
800 3578 881 3654 (ibid.
909 3584 990 3651 143.)
1018 3579 1075 3634 κᾰτ
1100 3579 1152 3634 τῶ.
1195 3579 1286 3652 Supra
1310 3579 1374 3635 dedi

173 3693 240 3748 dem
259 3697 384 3762 tempore
401 3687 449 3762 jus
465 3682 540 3741 illius
559 3681 684 3758 pecuniae
706 3699 748 3736 se·
798 3676 903 3744 rami,
925 3693 989 3731 cum
1004 3673 1143 3741 omnibus,
1166 3683 1267 3747 praeter
1283 3675 1373 3731 1111111-

175 3785 298 3843 cundum
326 3781 400 3858 leges
429 3779 584 3854 repeteodae
611 3776 746 3835 concedit.
798 3771 887 3837 hiunr,
908 3769 968 3826 haer
984 3769 1054 3826 ratio
1067 3767 1187 3844 placeat.
1229 3770 1276 3829 Cl.
1292 3770 1372 3829 Dok.

173 3877 315 3951 'Euvdprov
337 3887 380 3935 est
406 3877 524 3953 pretium
550 3873 745 3949 pabulationis‚
797 3867 831 3922 ad
851 3855 981 3942 Thucyd·
999 3865 1037 3924 V·
1054 3871 1103 3930 77.
1133 3865 1278 3940 Aristoph.
1294 3867 1370 3924 Ach.

174 3985 205 4032 ut
220 3969 382 4044 ἐλλιμένιον,
405 3973 521 4048 pecunia
539 3969 629 4026 soluta
648 3977 678 4024 ut
691 3967 746 4024 sol·
797 3967 865 4027 732.
879 3966 948 4025 751.
971 3961 1038 4036 Lys.
1055 3966 1140 4018 1005.
1159 3957 1246 4020 1266.
1273 3962 1369 4019 Biick.

174 4067 305 4142 ventijos
320 4068 357 4124 sit
369 4077 480 4142 portum
495 4063 624 4122 intrandi.
654 4060 745 4118 Aliter
796 4057 858 4114 hius
885 4065 978 4114 autern
1007 4056 1111 4114 κάττο.
1164 4057 1241 4114 ldenr
1269 4065 1369 4128 petrae,

174 4163 318 4222 Biirlrhius
343 4164 389 4238 qui
417 4183 466 4238 pro
493 4157 658 4241 ἐμπράττῃ,
680 4185 745 4216 σου·
797 4177 849 4212 ooo
871 4156 959 4224 μεινὼ
981 4155 1079 4228 ubique
1102 4155 1184 4216 dedit.
