3176 5094
598 397 955 450 ,ruouauouauu
1283 374 1376 444 xxvii

178 563 363 649 aequatur,
391 557 424 624 Κ
451 552 490 623 iu
520 558 555 623 X
582 551 731 624 vertitur
742 549 765 639 ¹,
792 550 891 624 utin
917 575 1091 624 marmore
1119 552 1376 624 Choiseuliauo

181 689 260 755 EX·
274 693 413 758 ΣΑΜΟ
435 687 487 778 {dc
502 683 662 776 Σάμουξῖ
690 684 855 773 Quanam
874 693 994 756 autem
1012 695 1190 778 potestate
1207 685 1374 758 elementi

178 814 298 883 thoe
332 813 615 887 lieridicemual
653 812 788 884 Literae
820 812 964 908 quidem
999 813 1164 908 aspiratae
1192 837 1270 885 eam
1303 814 1373 886 vim

177 939 313 1014 babent
343 949 400 1032 (ut
420 943 626 1014 acutissime
657 942 693 1014 in
718 942 830 1013 literis
860 939 970 1014 MSS.
992 943 1240 1016 Blomlieldius
1266 969 1289 1016 a
1319 969 1374 1018 me

177 1091 361 1164 nunquam
396 1071 474 1144 siue
506 1073 643 1143 bonore
680 1082 716 1142 et
756 1072 987 1143 veneratione
1026 1071 1295 1166 raimbaudus)
1337 1084 1376 1144 ut

177 1212 321 1275 tenuem
341 1205 606 1300 praecedentem
624 1205 659 1276 in
679 1206 872 1298 aspiratam
889 1213 1040 1286 vertant,
1062 1205 1157 1276 unda
1171 1205 1206 1275 in
1222 1205 1373 1278 Aoristia

175 1338 366 1408 verborum
411 1337 584 1408 babemus
630 1337 819 1433 ἐτρέφθην,
859 1335 1032 1430 ἐλήφθην,
1071 1357 1142 1404 ιιοιι
1190 1333 1372 1428 ἑτράπθην,

173 1466 340 1550 includas.
392 1466 462 1537 Sed
493 1465 598 1536 nimis
630 1465 783 1537 barbara
809 1478 865 1537 est
891 1463 1145 1558 pronunciatio
1172 1470 1237 1534 SH
1258 1487 1324 1558 pro
1349 1469 1374 1538 Σ

173 1617 280 1688 quam
305 1604 347 1664 ut
377 1617 455 1666 eam
486 1593 580 1664 inter
609 1592 751 1664 Atticos
774 1593 894 1666 valere
922 1592 1086 1686 potuisse
1114 1590 1370 1665 existimemus.

176 1719 248 1791 Res
289 1723 436 1816 quidem
473 1723 558 1794 mihi
593 1746 638 1794 eo
674 1723 794 1793 redire
832 1723 985 1807 videtur,
1019 1722 1171 1794 Graecos
1205 1723 1372 1819 ψήφισμα

173 1849 322 1919 omnino
334 1874 406 1920 nou
421 1851 678 1947 pronunciasse
692 1860 733 1920 ut
746 1850 972 1945 psephisma,
990 1850 1052 1922 aed
1070 1863 1109 1920 ut
1122 1848 1370 1944 pharphisma,

172 1977 231 2073 qui
250 2002 364 2050 sonus
381 1979 490 2051 multo
507 1979 625 2052 lenior
641 1992 714 2066 est;
742 1980 980 2078 similiterque
998 1981 1044 2052 de
1062 1982 1164 2054 litera
1182 1983 1213 2074 ξ.
1269 1982 1371 2054 luter

171 2109 431 2182 vetustissimos
467 2110 630 2196 Latinos,
659 2120 698 2183 ut
731 2135 802 2209 ego
830 2111 997 2194 arbitror,
1024 2134 1190 2182 mansere
1219 2112 1370 2208 vestigia

169 2238 249 2334 ejus
282 2240 551 2336 orthographia
579 2243 630 2313 de
659 2263 730 2338 qua
759 2242 818 2312 hic
847 2242 979 2337 agitur.
1031 2239 1075 2310 ln
1109 2239 1368 2334 antiquissimis

169 2367 350 2462 lapidibus
376 2379 670 2458 DIXSERUNT,
700 2377 984 2458 MAXSUMUS,
1011 2379 1049 2442 et
1079 2369 1207 2441 similia
1237 2370 1365 2464 passim

168 2499 367 2572 videmur.
433 2501 647 2575 Notandum
682 2511 803 2573 autem
842 2500 983 2572 literam
1021 2507 1051 2574 Ξ
1090 2501 1125 2572 in
1165 2498 1367 2595 Wrayiauo

171 2653 349 2704 marmore
390 2631 629 2727 proculdubio
669 2643 876 2727 pervetusto
917 2631 1027 2723 (inira
1067 2632 1182 2708 Clusa.
1225 2632 1274 2704 ll.
1313 2631 1363 2720 7.)

168 2783 231 2854 per
263 2773 309 2838 lid
347 2763 390 2853 {i
412 2785 444 2834 e.
480 2771 515 2843 Ξ
550 2764 625 2836 siva
655 2766 708 2855 E}
742 2761 1037 2858 repaesentari⁴;
1074 2773 1111 2834 et
1136 2771 1170 2833 Ψ
1197 2765 1255 2854 (ut
1279 2784 1364 2834 vere

209 2937 663 3016 'PraepositiosemperaGraeris
675 2963 739 3017 pars
791 2943 909 2998 uratiros
942 2940 1056 3016 colligit,
1089 2940 1134 3015 qui
1164 2941 1361 3012 aspirationem

167 3033 242 3090 roris
250 3035 391 3110 sequentis
403 3035 566 3092 habebatur.
585 3037 739 3110 luinsrrip·
788 3037 816 3091 in
832 3035 929 3092 mediis
943 3035 1056 3091 vocibus
1070 3034 1105 3090 ab
1120 3031 1223 3088 Atticis
1237 3049 1359 3107 unquam

168 3127 286 3184 tionibus
309 3127 403 3183 iisubi
419 3129 588 3186 interverba
610 3130 738 3188 fitiutar·
788 3129 910 3203 positum
951 3146 1010 3184 esse·
1050 3125 1204 3182 affirmant.
1250 3124 1359 3184 Osann.

167 3226 289 3298 punctio,
324 3235 426 3299 puncta
459 3227 529 3284 inter
566 3228 737 3301 praepositio·
786 3229 875 3296 p.73.
1121 3211 1125 3220 ⁴

166 3335 230 3374 uem
268 3327 296 3374 et
328 3317 452 3391 regimen
483 3338 565 3376 suum
594 3339 735 3394 nunquam
826 3317 985 3390 ²Dignum
1013 3317 1084 3390 quod
1109 3324 1228 3386 notetur,
1249 3315 1358 3373 nonnisi

164 3415 381 3488 conspiciuntur.
428 3416 511 3488 Apud
544 3414 733 3472 Chisbullium
784 3409 1289 3488 inspuriisinsrriptimubus1(me
1304 3414 1358 3471 ΧΣ

166 3511 305 3569 Anaua.
330 3513 733 3586 p.ll4.etp.195.prua'a
786 3509 860 3582 poni.
903 3509 935 3564 lu
953 3508 1356 3570 Naniunasrilicetbubemus

164 3604 321 3680 Zussprrius
342 3606 460 3681 legimus
475 3605 638 3682 ε’ξνβριτῖαι
657 3617 686 3663 el
706 3607 734 3663 in
785 3603 954 3673 ΔΕΚΣΑΙ,
968 3604 995 3659 iu
1009 3604 1164 3679 Amyclaeis
1177 3605 1287 3661 Oltis
1298 3607 1354 3664 ΥΟ

165 3699 260 3753 Attica
287 3699 409 3772 quadarn
441 3699 620 3773 inscriptione
650 3699 761 3772 (inira,
784 3711 887 3756 aas.
928 3698 1012 3766 Quod
1026 3697 1117 3756 solum
1133 3717 1266 3774 magnam
1282 3701 1380 3762 tram

162 3791 326 3851 (lassam.
352 3794 426 3854 Sect.
444 3813 483 3853 ιι.
510 3795 598 3853 lnsrr.
612 3797 662 3864 11.)
685 3813 733 3868 pro
783 3793 826 3849 dis
853 3792 1039 3867 auspieiurem
1068 3805 1097 3853 et
1124 3795 1167 3851 bis
1193 3807 1221 3853 et
1246 3797 1287 3855 illi
1314 3801 1355 3860 in.

159 3887 196 3963 ἐξ
215 3885 246 3956 ἧι
263 3887 361 3958 (ΕΧΣ
378 3889 471 3958 ΙΙΕΣ)
497 3891 634 3946 habemus
648 3889 733 3968 Ἐξῆι
769 3897 882 3944 ureret.

159 3980 335 4053 (ΕΧΣΕΣ.)
370 3979 732 4056 ldsciltcetexhpollonio
822 3981 969 4038 ¹Gruter.
1009 3981 1097 4042 Thes.
1135 3999 1352 4060 cc11‚·ccrrr‚

159 4071 221 4148 (De
249 4073 334 4149 Synt.
361 4093 388 4148 p.
413 4079 484 4134 832.
511 4075 555 4132 ed.
582 4075 668 4153 Bek.)
696 4077 731 4132 ab
782 4090 1074 4134 cciv.ccccxa1x.
1100 4095 1173 4134 arx.
1214 4077 1261 4138 Cs.
1283 4101 1351 4156 quo-

160 4167 280 4224 Osanuo
307 4167 445 4226 advocato
471 4171 616 4240 discimus,
644 4175 680 4228 etr
707 4174 733 4240 ὁ,
781 4186 834 4244 que
848 4166 943 4226 Notis.
957 4168 1115 4244 Ceuotapb.
1132 4171 1227 4228 Pisau.
1241 4193 1268 4248 p.
1279 4179 1348 4234 448.

157 4261 187 4320 ἐν
199 4261 220 4342 ᾧ
233 4273 263 4321 et
281 4263 321 4342 ἐξ
335 4259 369 4319 od
383 4281 434 4338 pro
454 4283 508 4322 uuo
526 4266 654 4322 habenda
672 4283 732 4322 essa
781 4267 899 4342 (Venet.
915 4260 1019 4343 1681.)

158 4359 268 4435 singula
296 4357 444 4419 vocabulo.
486 4359 526 4418 Et
554 4359 686 4417 Osanuus
715 4377 731 4416 e
819 4351 922 4414 ‘Hac
943 4355 1035 4414 forma
1049 4375 1103 4414 nou
1117 4356 1194 4428 alibi,
1214 4369 1347 4434 quantum

158 4462 252 4512 nostro
280 4450 413 4526 exemplo
435 4449 519 4510 labos
543 4471 603 4512 esse
625 4457 730 4513 Gram-
778 4452 878 4524 sciam,
898 4451 927 4510 in
949 4470 1090 4510 nimmora
1117 4452 1214 4528 quovis
1237 4454 1348 4530 antiquo
