3196 5100
361 830 515 912 Cures.
546 829 637 910 ΙΙΙ.
692 831 819 914 Secr.
849 831 914 918 11.
968 833 1121 916 Insere.
1152 834 1189 916 Ι.

431 1071 670 1146 MARMOR
712 1073 1060 1150 ELGlNlANUM
1097 1077 1127 1150 l.
1267 1114 1270 1120 ¹

603 1299 696 1359 ΤΛΒ.
719 1301 837 1368 XXIV,
861 1301 958 1360 XXV.

716 1518 846 1569 -φ-

158 1713 261 1778 Pars
284 1710 311 1775 l.
340 1710 478 1792 Chardi.
509 1715 549 1780 P.
568 1715 614 1782 11.
640 1726 672 1782 3.
723 1672 852 1816 Boseth.
881 1717 977 1784 Torn.
998 1718 1044 1790 ll.
1075 1744 1106 1806 p.
1128 1722 1204 1785 963.
1238 1717 1315 1783 Pers
1333 1713 1380 1783 11.

88 1831 91 1836 '
566 1815 669 1882 incdit
692 1817 783 1883 Mus.
813 1817 885 1884 Cet.
904 1827 981 1892 298.
1269 1819 1272 1824 ’

254 2009 280 2040 “
300 2002 495 2090 Munuon
539 2019 646 2104 hoo,''
693 2021 746 2093 sit
783 2022 1027 2112 Chnndierus,
1071 2029 1295 2120 “repertum
1339 2021 1382 2094 iu

162 2150 294 2226 ruinis
311 2147 433 2256 templi
451 2147 753 2245 Hecatompedon
770 2152 871 2240 dicti,
896 2164 1075 2228 serratum
1093 2154 1131 2225 in
1155 2152 1382 2226 Monesterio
1471 2237 1472 2240 Ἴ

163 2281 324 2358 Gallico
342 2279 497 2353 Athenis
514 2279 600 2368 ridi,
620 2291 657 2354 et
674 2282 869 2382 diligenter
885 2285 1067 2382 exscripsi.
1120 2282 1264 2372 Postea,
1282 2283 1381 2380 quod

162 2408 292 2498 dolui,
328 2417 435 2506 peter
467 2411 687 2486 reverendus
715 2411 933 2501 Lodovicus,
969 2411 1191 2510 Canusinus,
1217 2410 1381 2510 ejusdem

164 2540 384 2640 praefeetus,
413 2539 629 2636 quinorum
658 2543 727 2617 eibi
755 2545 909 2640 parebat
932 2544 1098 2632 culinam,
1125 2566 1206 2616 eum
1236 2537 1380 2625 realem,

166 2693 264 2765 qnae
290 2669 338 2741 ob
377 2670 469 2743 ntrio
501 2673 611 2762 ducit,
644 2685 841 2764 extrueret,
878 2677 965 2750 iliud
997 2677 1115 2752 eidem
1148 2698 1213 2770 pro
1250 2671 1382 2770 gradu,

165 2803 322 2877 inversa
352 2797 731 2891 wintoniensium
769 2805 961 2902 opificibus
995 2805 1194 2903 permisit.'’
1248 2800 1381 2880 omnis

167 2947 301 3010 sutem
337 2936 416 3008 haee
449 2955 629 3006 marmore
662 2937 743 3032 ejus
776 2933 979 3006 latitudinis
1012 2947 1117 3008 erent
1148 2944 1189 3006 ut
1221 2935 1380 3020 barbari,

166 3069 372 3156 antequem
401 3055 439 3128 in
467 3077 551 3130 suos
578 3079 664 3128 usus
691 3065 903 3130 convertere
931 3070 1093 3150 possent,
1123 3059 1240 3132 medis
1265 3056 1383 3134 diffinae

167 3189 269 3262 dere
295 3184 467 3258 solerent.
519 3183 626 3275 Quod
655 3206 701 3256 ex
729 3181 799 3256 hoc
826 3191 864 3256 et
893 3184 1062 3280 sequenti
1092 3205 1269 3258 marmore
1295 3181 1381 3271 setis

166 3324 342 3414 apparet.
394 3315 624 3391 Chnndlerus
668 3338 758 3416 ergo
799 3337 873 3388 non
911 3312 980 3388 nisi
1021 3313 1202 3388 dimidiam
1239 3323 1378 3410 partem

170 3447 293 3522 nostri
325 3448 509 3520 marmoris
544 3447 642 3521 vidit.
695 3447 767 3521 Sed
800 3444 899 3520 felici
933 3446 1091 3543 quodam
1117 3469 1208 3538 ⁴cusu
1243 3445 1378 3519 facturn

169 3593 232 3658 est
264 3591 304 3655 ut
331 3607 375 3656 en
405 3607 486 3679 pers
518 3606 602 3680 quse
633 3577 880 3656 Chendlerurr.
909 3574 1057 3653 latuerit
1088 3580 1195 3652 hodie
1227 3579 1291 3652 sed
1316 3579 1378 3650 sd·

171 3717 326 3789 modurn
346 3715 470 3789 mutila
494 3715 531 3790 in
555 3713 689 3789 Museo
715 3712 928 3786 Britannico
954 3722 1168 3786 asservetur.
1214 3709 1380 3786 Marmor

172 3847 294 3945 (quod
312 3871 460 3946 quoque
477 3846 724 3921 Chandlerum
751 3845 912 3945 fugerat)
938 3845 984 3918 eb
1002 3854 1158 3942 utroque
1184 3843 1295 3916 latere
1322 3843 1377 3918 in·

173 3980 348 4076 scripturn
392 3990 458 4052 est.
514 3979 628 4052 Lotus
662 3978 759 4076 quod
802 3975 859 4049 iile
898 3975 986 4049 vidit
1028 3972 1207 4071 posterius
1250 3974 1376 4048 ordine

173 4109 292 4206 posui,
318 4111 403 4210 quin
428 4109 533 4208 plura
561 4109 596 4181 in
626 4105 846 4182 sedoneris
874 4101 1142 4187 recenseantur,
1173 4101 1270 4175 unde
1294 4115 1378 4199 post

175 4239 330 4316 alterum
359 4244 532 4341 scriptum
558 4267 638 4316 esse
663 4238 747 4314 satis
773 4251 883 4337 potet.
938 4239 1045 4312 Dona
1070 4260 1154 4334 quae
1172 4232 1231 4309 hic
1249 4216 1378 4309 recen·¹

177 4375 307 4450 sentus
332 4378 369 4450 in
392 4375 665 4475 Hecatompedo
691 4385 872 4448 asservata
890 4397 968 4450 esse
992 4371 1172 4445 dicuntur.
1224 4362 1376 4443 Nulia'nr

178 4529 302 4582 susem
336 4511 515 4586 statuendi
549 4533 657 4609 quem
688 4531 826 4582 sununs
858 4504 1040 4604 respiciat,
1071 4503 1188 4601 ipsurn
1222 4523 1376 4580 marmor
