3218 5116
198 377 328 452 insen.
353 371 466 458 vill]
497 415 504 424 ·
760 369 828 446 163

196 556 295 630 int'n
326 555 444 630 edem
477 551 659 628 eoaolusie
687 553 849 629 interdiu
886 554 1178 632 commorabatur
1189 553 1212 626 ¹.
1280 553 1399 654 Igitur

196 711 273 761 non
300 697 440 760 uentum
472 683 648 760 Pandrosi
679 687 758 760 bne
790 697 869 760 erat
896 684 998 774 cella,
1026 711 1110 784 quae
1140 685 1237 760 inter
1262 684 1397 783 prius

193 819 314 896 fertur
356 841 541 892 sacrorum
581 843 706 895 eorum
744 819 937 905 antistites,
963 819 1026 894 sed
1069 819 1175 893 etiem
1220 818 1395 902 omnium,
1497 917 1501 924 ¹

194 973 281 1046 quae
314 951 352 1022 id
386 973 518 1023 munus
551 951 599 1024 ab
633 975 678 1024 ee
711 959 942 1048 exceperant,
975 950 1160 1026 conclave.
1230 949 1316 1024 Hes
1350 949 1397 1022 de

195 1103 306 1153 causa
337 1082 455 1177 peries
488 1077 688 1156 Pendmsei
712 1055 948 1160 'amente-atur
982 1092 1085 1161 emt:
1118 1084 1215 1178 quod
1245 1081 1285 1158 in
1317 1081 1397 1156 nde

193 1214 345 1288 deorum
371 1224 513 1290 tantum
540 1215 725 1291 domicilio
749 1217 869 1292 dicate
895 1215 974 1290 lieri
1000 1214 1163 1312 potuisse
1190 1221 1395 1313 pernego.”

271 1346 436 1424 “Restat
480 1369 588 1442 quam
632 1347 803 1422 adeamus
836 1349 1006 1441 porticus
1047 1348 1170 1424 missor
1210 1345 1397 1444 crepidine

191 1475 326 1566 oinets,
364 1477 424 1552 rui
466 1501 532 1551 sex
570 1476 751 1574 impositae
789 1474 1005 1578 Caryatides
1041 1491 1175 1556 tectum
1214 1459 1395 1578 lapideum

190 1614 384 1690 sustinent.
436 1613 486 1688 Et
495 1616 580 1688 brec
597 1613 705 1711 plena
727 1625 807 1688 eret
820 1615 999 1715 religione
1019 1627 1059 1690 rt
1074 1617 1196 1692 sacris.
1248 1613 1396 1711 Quippe

190 1752 309 1826 inerat
331 1753 486 1850 primurn
504 1752 584 1829 oleo
608 1775 730 1840 sorra,
758 1754 941 1852 ecl-proptor
957 1754 1067 1840 dieta,
1093 1755 1180 1853 quie
1196 1752 1234 1824 in
1252 1761 1394 1826 aretum

189 1885 365 1962 'conclusa
397 1885 498 1959 humi
533 1884 649 1982 magis
688 1886 858 1980 serpebat
901 1907 1009 1981 quam
1051 1885 1163 1959 altum
1207 1881 1393 1981 petebntl.

190 2013 352 2088 AEterna
381 2016 591 2112 putabatur,
620 2013 760 2086 scilicet
787 2012 874 2108 quia
903 2013 942 2086 in
973 2016 1094 2090 locum
1125 2015 1247 2110 stirpis
1277 2039 1393 2090 euror-
1464 2045 1466 2055 ¹

189 2155 265 2218 ture
292 2146 364 2218 elia
398 2144 471 2216 cito
498 2143 723 2216 subdebatur
750 2163 796 2212 ex
823 2140 965 2216 olivetis
993 2145 1116 2216 serris.
1170 2143 1231 2214 De
1261 2146 1393 2240 quibus

190 2273 335 2345 olivetis
366 2295 447 2343 cum
479 2292 622 2344 errores
655 2268 904 2366 propagatim,
929 2271 990 2367 qui
1024 2273 1138 2366 copiis
1171 2272 1393 2376 Meursienis

190 2404 291 2476 baud
321 2403 499 2477 excedere
529 2401 667 2479 solent:
696 2401 879 2501 quomodo
909 2425 1035 2477 resse
1065 2404 1208 2490 habeat,
1235 2406 1395 2478 breuiter

191 2537 437 2612 indicandum.
490 2535 566 2613 lies
585 2539 681 2613 eninr
711 2563 784 2611 non
812 2539 914 2634 parvi
943 2540 1127 2629 momenti,
1154 2537 1290 2637 quippe
1311 2558 1394 2637 que

189 2673 234 2744 ad
260 2673 335 2747 Jus
359 2697 509 2748 sacrum
536 2672 814 2750 Atheniensium
841 2675 1036 2770 pertinet.”

266 2813 293 2844 “
312 2803 480 2880 Oleaster
510 2807 684 2903 (κότινος)
713 2829 821 2902 quem
855 2803 1033 2877 Hercules
1063 2829 1108 2878 ex
1139 2803 1391 2905 Hyperboreis

188 2938 350 3012 attulisse
382 2940 579 3022 ferebatur,
606 2942 747 3011 brumae
778 2947 816 3007 et
844 2935 993 3030 frigoris
1018 2937 1301 3030 petiens,'nullo
1328 2967 1390 3016 cu·

187 3082 290 3144 rente
323 3093 389 3167 per
421 3090 566 3141 omnem
602 3064 798 3148 Graeciam,
824 3062 1027 3160 largissime
1060 3069 1106 3138 ad
1142 3069 1322 3166 'Alpheum
1353 3084 1391 3147 et

186 3201 305 3274 sinum
340 3199 566 3283 Saronicum,
599 3195 848 3298 proveniebat.
903 3195 1043 3270 Conlno
1081 3200 1201 3275 oleam
1231 3201 1315 3275 olim
1351 3204 1388 3278 in

185 3329 332 3405 Graeeia
364 3353 546 3426 perrerem
582 3329 706 3418 fuisse,
737 3339 880 3403 veteres
919 3329 1153 3404 consentiunt
1165 3331 1188 3406 ³.
1240 3333 1389 3435 Nempe

185 3483 232 3532 ex
263 3458 351 3530 Asia
378 3481 443 3554 per
470 3458 604 3532 insulas
634 3457 741 3531 maris
773 3457 881 3558 AEgei
911 3456 1011 3530 illata
1046 3455 1189 3535 videtur
1201 3463 1225 3536 ‘.
1278 3461 1387 3538 Hane

185 3587 223 3662 in
270 3589 454 3687 plantariis
503 3602 541 3664 et
586 3589 764 3666 viridariis
810 3589 950 3667 'suntme
990 3589 1182 3690 diligentia
1225 3603 1262 3668 et
1299 3619 1387 3702 cunr

186 3731 342 3803 eduoare
374 3752 524 3803 necesse
555 3741 643 3803 eret.
697 3727 816 3826 Igitur
846 3728 1002 3825 populus
1028 3729 1172 3804 Atticus
1202 3743 1384 3825 metuens

186 3887 235 3968 ne
263 3863 408 3939 oleastri
437 3863 611 3966 contagio
640 3873 808 3965 corrupta
830 3864 973 3938 tandem
994 3864 1248 3976 degeneraret,
1273 3880 1385 3969 atque

229 4123 238 4156 1
259 4120 298 4177 v,
311 4135 336 4183 ς,
352 4128 381 4181 2,
394 4141 423 4198 p,
441 4125 489 4181 15.
848 4129 858 4162 ⁴
883 4123 987 4204 Cogite
1014 4127 1049 4184 de
1077 4126 1150 4184 Olea
1177 4145 1260 4187 estere
1292 4081 1385 4206 Ephe

810 4220 925 4280 simum.
964 4223 1056 4281 Tacit.
1070 4225 1147 4283 Anu.
1162 4223 1217 4282 ΙΙΙ.
1231 4223 1281 4284 61.
1306 4224 1385 4287 Deli-

809 4337 901 4390 otum,
930 4319 1038 4396 Spanh.
1050 4319 1086 4379 ad
1100 4321 1177 4380 Call.
1193 4323 1259 4382 Del.
1271 4343 1300 4383 r.
1314 4323 1383 4386 268.

227 4415 240 4447 ⁸
259 4413 292 4471 ld
304 4417 378 4473 enim
393 4417 493 4476 saltem
509 4413 653 4476 Herodoto
661 4415 697 4477 V.
708 4419 756 4474 82.
811 4415 1040 4475 Salaminiorum.
1066 4418 1163 4493 Eurip.
1182 4419 1287 4482 Troed.
1313 4429 1382 4483 8043

187 4509 403 4572 concedendurn.
575 4531 578 4540 ·
810 4511 847 4570 rt.
860 4512 1051 4588 Theophras.
1067 4513 1142 4575 Hirr.
1158 4514 1248 4590 plant.
1263 4521 1322 4578 lv:
1336 4531 1381 4585 re

226 4267 238 4300 ¹
260 4267 367 4328 Meum.
382 4273 445 4330 Att.
460 4271 524 4330 lect.
539 4271 593 4352 Ν.
611 4267 641 4332 6.
