3204 5104
811 363 857 424 52
1224 353 1371 441 [Curso.
1389 357 1441 422 11.

319 531 358 605 Si
383 533 429 606 ad
451 531 628 607 AEolicam
656 530 848 606 dialectum
862 531 887 619 ¹,
912 530 1086 607 Dawesio
1100 533 1269 633 jubente,
1289 532 1444 629 inscrip-

242 666 351 741 tionis
369 668 480 742 rerba
499 667 703 741 referantur
719 667 831 741 literis
850 668 1163 767 constantinopol.
1182 669 1232 744 ita
1258 672 1444 746 reddenda

244 794 412 871 videntur
427 826 437 883 ;

285 991 310 1028 ω
335 964 449 1030 afaru
472 960 556 1030 λιθω
582 989 636 1040 mre
661 951 789 1054 sculptas
815 989 867 1028 rur
892 989 936 1029 το
961 965 1093 1055 opem

481 1104 504 1177 i.
521 1127 554 1178 e.
575 1103 757 1178 communi
776 1102 930 1176 dialecto

284 1255 322 1330 ὄν
349 1255 451 1328 αὑτοῦ
475 1258 570 1328 λίθου
596 1259 659 1339 εἰμι
684 1247 812 1350 ἀνδρίας
831 1252 897 1346 (sc.
913 1249 932 1322 ὅ
948 1245 1089 1348 ἀνδρίας)
1115 1253 1167 1324 eal
1193 1251 1235 1324 ‘rd
1260 1263 1405 1354 σφελας.

243 1420 338 1512 Nec,
356 1424 386 1496 si
404 1421 524 1495 Attica
550 1421 629 1492 haec
656 1443 735 1493 esse
762 1429 907 1508 statuas,
926 1417 1033 1492 aliter
1055 1417 1266 1516 explicanda
1282 1423 1448 1511 veniunt,

243 1555 313 1632 uisi
345 1555 443 1651 quod
470 1555 539 1626 hac
568 1551 708 1625 ratione
739 1550 893 1625 articulo
924 1576 990 1625 suo
1015 1576 1086 1625 vox
1111 1547 1240 1649 ἀνδριας
1266 1553 1472 1648 μίνθων,Δ

244 1711 318 1784 quo
336 1697 468 1768 tamen,
487 1706 544 1756 me
558 1681 699 1782 judice,
715 1682 776 1755 vix
804 1705 928 1755 carere
946 1691 1077 1776 potest.

319 1811 413 1894 Cum
441 1828 563 1891 autem
591 1817 686 1912 apud
706 1814 874 1912 antiquos
899 1817 934 1888 id
960 1815 1155 1889 maximum
1182 1808 1378 1891 duceretur
1405 1828 1447 1892 ut

244 1975 290 2026 ex
314 1953 441 2024 eodem
470 1945 612 2046 lapide²
629 1947 726 2020 basis
754 1958 790 2021 et
817 1957 935 2022 statua
962 1959 1180 2033 constarent,
1207 1948 1266 2023 vix
1294 1949 1446 2022 dubium

245 2083 332 2180 quin
362 2082 398 2155 in
433 2081 537 2156 initio
572 2079 801 2178 Epigraphes
832 2078 1104 2181 longinquitate
1141 2081 1314 2178 temporis
1340 2079 1447 2155 litera
1565 2097 1567 2100 ·

242 2205 278 2276 Τ
305 2211 423 2285 delete
450 2211 505 2284 sit.
560 2209 668 2301 Quod
697 2208 727 2282 si
753 2234 878 2285 verum
906 2208 964 2298 sit,
995 2211 1045 2284 ita
1070 2213 1150 2286 lraec
1176 2211 1446 2308 interpretanda

245 2340 410 2414 veniunt.
617 2333 621 2341 ’

369 2468 469 2544 “Er
485 2469 605 2543 codem
623 2468 740 2565 lapide
753 2470 864 2569 sucta
890 2491 973 2542 sum
998 2478 1126 2542 statua
1147 2477 1182 2542 ct
1203 2469 1343 2546 basis.’'

165 2663 170 2678 .
243 2603 371 2680 Statua
402 2627 452 2676 sc.
485 2603 621 2676 sistitur
652 2602 819 2700 loquens,
853 2613 892 2676 ut
927 2603 964 2674 in
993 2603 1229 2699 inscriptione
1260 2604 1372 2704 Sigea
1404 2618 1444 2680 ct

245 2731 490 2829 compluribus
507 2729 621 2806 eliis³.
660 2731 780 2831 Hujus
807 2733 996 2806 sententiae
1014 2743 1180 2807 auctores
1200 2735 1317 2808 habeo
1337 2735 1450 2810 Bent-
1580 2833 1583 2840 .

244 2870 393 2960 leium⁴,
422 2869 739 2959 Shuckiordium⁵,
759 2869 1004 2959 Dawesium⁶‚
1032 2869 1310 2946 D'Orvillium7.
1363 2875 1448 2948 Alia

247 3007 476 3083 Chishullio⁸
503 3005 684 3104 placuere.
738 3003 900 3078 Statuam
920 3003 1016 3082 euim
1044 3006 1090 3079 de
1112 3004 1186 3103 qud
1208 3007 1340 3106 agitur,
1368 3033 1448 3082 carn

131 3221 137 3226 ,
246 3161 325 3211 esse
361 3137 476 3212 voluit
515 3161 624 3233 quam
659 3162 766 3211 aereae
804 3135 926 3210 Niciae
960 3137 1089 3236 palmae
1129 3138 1234 3211 ruina
1269 3139 1449 3242 dejectam

245 3270 354 3344 tradit
387 3268 640 3355 Plutarchus9,
668 3293 742 3366 quo
774 3293 872 3359 casu,
904 3296 987 3346 cum
1016 3271 1112 3346 basis
1148 3296 1171 3346 a
1211 3281 1331 3346 stetua
1357 3272 1447 3347 divi-

288 3511 298 3546 ¹
320 3507 367 3568 Cl.
383 3508 486 3566 Dawes
506 3507 550 3568 M.
565 3509 600 3567 C.
619 3515 687 3574 127.
702 3513 732 3567 et
746 3515 822 3585 App.
914 3520 926 3553 ⁴
947 3518 967 3548 ‘⁸
979 3511 1085 3570 letters
1095 3511 1113 3538 ”
1125 3512 1170 3569 ubi
1179 3529 1272 3588 supra.

249 3608 284 3667 ed
300 3609 414 3668 anes.
426 3628 454 3684 p.
466 3612 535 3674 327.
550 3609 617 3685 (Ed.
633 3607 733 3684 Kidd.)
915 3608 927 3641 ⁵
947 3609 1074 3667 Connex.
1086 3607 1168 3668 Toru.
1183 3607 1206 3664 1.
1220 3627 1248 3682 p.
1263 3612 1333 3676 2⁵9·

289 3687 301 3718 ¹
321 3703 826 3782 ct.Lanzisagg.Tom.1.p.1oa.
914 3699 926 3734 ⁶
946 3701 1033 3762 misc.
1048 3703 1119 3761 cn.
1133 3723 1160 3778 p.
1179 3708 1246 3762 rso.

251 3800 357 3859 Marini
379 3801 447 3858 Alb.
476 3821 506 3877 p.
526 3809 573 3860 10.
596 3802 671 3861 Plin.
692 3801 762 3860 Nat.
783 3799 825 3862 H.
915 3801 927 3838 ⁷
947 3799 981 3856 lu
998 3817 1090 3860 exerc.
1114 3800 1148 3857 de
1166 3800 1253 3859 Inscr.
1272 3799 1336 3857 Del.
1349 3799 1450 3875 (Misc.

252 3895 443 3957 XXXVM.
472 3904 519 3954 10.
543 3905 572 3955 et
601 3903 649 3958 13.
672 3905 701 3967 9.
718 3903 745 3956 5.
769 3897 825 3974 (cd.
877 3895 951 3955 Obs.
983 3897 1021 3955 V.
1052 3903 1080 3962 7.
1113 3896 1197 3954 Tum.
1231 3897 1254 3954 l.
1287 3915 1313 3970 p.
1334 3897 1451 3964 24-28.)

251 3987 403 4064 Herduin.)
424 3991 607 4050 Paus.VlIl.
622 3998 672 4059 37.
708 3990 827 4050 Fallitur
876 3992 960 4051 Adde
983 4011 1090 4070 quoque
1111 4003 1253 4054 auctorem
1272 3993 1401 4066 ignotum
1421 3995 1450 4051 'ru

253 4083 337 4158 igitur
360 4073 502 4145 Bentleius
531 4087 655 4161 (Letters
674 4089 763 4148 edited
788 4089 825 4165 by
877 4089 1000 4150 Observ.
1021 4091 1049 4147 in
1075 4090 1202 4166 Inscript.
1227 4110 1245 4150 a
1267 4091 1399 4150 Whelero
1423 4101 1453 4150 et

251 4178 306 4238 Dr.
321 4180 357 4240 C.
373 4181 510 4260 Buruey.)
523 4203 552 4260 p.
568 4189 637 4244 252.
877 4183 978 4260 Sponio
992 4185 1133 4262 vulgatas.
1177 4185 1264 4248 Misc.
1285 4187 1356 4246 Obs.
1372 4186 1412 4246 V.
1422 4194 1450 4248 ³.

293 4277 374 4338 ³Cl.
401 4277 505 4341 Herod.
534 4281 574 4343 V.
603 4289 650 4344 53.
703 4283 825 4340 Pausan.
876 4283 958 4340 Turn.
974 4282 1014 4342 11.
1036 4303 1064 4358 p.
1078 4289 1148 4343 200.

252 4373 351 4435 ΗΟ.
366 4373 419 4435 Vl.
434 4373 483 4439 68.
519 4379 595 4442 Plat.
611 4379 699 4454 Hipp.
714 4399 741 4455 p.
753 4385 823 4447 229.
914 4375 1044 4456 tsnuq.
1060 4381 1113 4438 As.
1128 4400 1157 4455 p.
1172 4385 1222 4438 4³.

250 4465 318 4544 (Ed.
333 4469 456 4548 Sermo.)
908 4477 924 4514 ⁸
945 4472 1062 4533 Plutia
1078 4475 1145 4532 Nic.
1161 4475 1222 4535 Vit.
1233 4481 1262 4534 3.
