3218 5116
168 431 298 499 lusca.
322 421 433 505 vlit]
745 427 814 507 179

165 615 279 678 antea
312 625 421 701 quam
456 598 590 698 publici
619 599 716 700 juris
753 597 851 672 facta
888 595 936 672 sit
977 595 1122 672 vidisse.
1161 595 1251 684 ,Sua
1282 620 1371 698 ergo

164 737 275 813 aude
307 731 527 808 Wilkinsius
553 731 653 821 haud
681 730 916 804 fraudandus.
969 726 1055 802 Nec
1086 727 1207 804 forsan
1236 730 1302 802 abs
1333 753 1372 804 re

166 869 237 944 erit
270 866 301 939 si
333 864 371 937 iu
407 863 592 968 hocloco
622 861 833 958 praeclaram
862 857 1050 934 Wilkinsii
1079 860 1372 934 emendationem

166 1024 367 1078 memorem
406 999 541 1098 quippe
578 1022 660 1097 quae
694 995 850 1069 Vitruvii
892 996 972 1070 loco
1012 995 1220 1071 difficillimo
1253 995 1373 1068 lucem

165 1135 344 1211 offundat.
397 1132 598 1207 Miillerus¹
638 1132 684 1205 de
716 1129 861 1227 templis
895 1128 1178 1228 hypaethralibus
1209 1126 1375 1209 nonnihil

163 1272 338 1346 dubitare
370 1269 522 1358 videtur,
563 1271 609 1343 de
647 1267 780 1367 quibus
811 1292 855 1342 ea
885 1279 1025 1344 tantum
1059 1268 1193 1341 scimus
1224 1291 1308 1364 quae
1337 1265 1375 1338 in

164 1412 353 1507 sequente
384 1399 540 1474 Vitruvii
579 1400 659 1473 loco
702 1399 932 1472 traduntur⁹.
990 1397 1253 1497 “Hypaethros
1292 1419 1378 1471 vero

164 1534 376 1633 decastylos
398 1532 507 1606 estin
531 1532 677 1634 Pronao
696 1541 734 1606 et
757 1531 924 1608 Postico:
953 1531 1093 1630 reliqua
1111 1529 1233 1604 omnia
1251 1527 1378 1630 eadem

56 1657 64 1670 ⁸
165 1639 286 1742 lrabet
317 1691 399 1766 quae
435 1665 619 1764 Dipteros,
665 1668 728 1741 sed
772 1666 944 1741 interiore
981 1676 1085 1762 parte
1120 1665 1307 1740 columnas
1343 1664 1379 1736 in

168 1801 369 1878 altitudine
397 1802 558 1900 duplices
584 1811 738 1876 remotas
767 1825 789 1874 a
818 1802 1018 1898 parietibus
1043 1803 1089 1875 ad
1119 1802 1381 1886 circuitionem,

170 1947 214 2010 ut
248 1935 410 2033 porticus
435 1934 703 2032 peristyliorum
721 1960 730 2020 ;
773 1935 930 2008 medium
963 1947 1083 2010 autem
1117 1935 1185 2010 sub
1214 1937 1296 2011 divo
1329 1945 1384 2008 cst

173 2069 259 2142 sine
283 2079 380 2140 tecto
398 2065 592 2158 aditusque
614 2050 798 2136 valvarum
819 2085 866 2134 ex
887 2075 1042 2160 utraque
1064 2077 1168 2160 parte
1187 2065 1224 2138 in
1243 2089 1384 2164 pronao

175 2210 217 2272 et
240 2194 396 2291 postico.
447 2191 567 2288 Hujus
597 2200 719 2262 autem
747 2191 929 2286 exemplar
958 2193 1088 2264 Romae
1120 2207 1286 2280 nonest,
1321 2200 1384 2269 sed

179 2322 339 2400 Athenis
362 2320 554 2420 octastylos
582 2318 779 2414 intemplo
804 2320 1001 2419 Olympii.’'
1054 2321 1128 2395 Ubi
1155 2327 1385 2399 manifestum

178 2467 240 2534 est
269 2479 393 2530 vocem
419 2454 612 2554 octastylos
639 2452 786 2528 minime
814 2479 896 2528 cum
921 2456 1142 2554 precedenti
1168 2455 1388 2554 Decastylcs

180 2612 404 2689 congruere.
458 2587 576 2663 Priori
605 2589 717 2664 verbo
747 2587 827 2664 sreti
861 2589 1005 2688 quidam
1039 2588 1275 2664 Parthenone
1303 2588 1388 2662 alia·
1504 2601 1510 2611 '

182 2745 259 2821 que
286 2722 420 2822 templa
444 2721 503 2795 cui
528 2720 717 2797 interiores
741 2723 845 2797 fuere
873 2725 1066 2812 columnas,
1098 2723 1288 2822 hypaethra
1309 2747 1389 2797 esse

182 2866 355 2929 statuere.
425 2854 498 2928 Sed
543 2879 663 2928 veram
700 2854 907 2944 lectionem,
950 2881 1008 2929 me
1044 2855 1187 2954 judice,
1234 2857 1390 2931 restituit

183 2985 402 3062 Willsinsius
447 2986 487 3054 in
522 2993 604 3079 asty
642 2982 751 3054 Jaois
790 3008 857 3078 pro
902 2985 1095 3082 octastylos
1137 2987 1178 3061 in
1218 2990 1389 3086 legendo.

185 3119 296 3213 Quod
323 3117 504 3190 siveram
531 3113 588 3200 sit,
617 3113 809 3212 hypaethra
844 3136 989 3208 semper
1014 3115 1195 3216 decastyla
1223 3118 1339 3193 suere.

263 3249 359 3322 Haec
380 3247 554 3344 praefatus
570 3246 647 3346 jam
677 3244 821 3318 tandem
847 3255 884 3315 te
909 3245 955 3317 ad
980 3245 1096 3344 ipsam
1120 3248 1390 3348 inscriptionem

187 3376 479 3464 [assumito.
1413 3354 1416 3360 ’

269 3513 337 3609 (Ν.
360 3513 405 3587 Β.
459 3511 596 3584 Literae
624 3513 841 3586 minuscule
861 3485 909 3604 a,
945 3515 979 3606 b,
1016 3519 1077 3608 dyc.
1108 3519 1263 3594 subinde
1290 3521 1393 3594 lineis

190 3673 305 3750 quum
325 3646 449 3742 ‚ipsius
482 3644 743 3740 inscriptionis,
770 3657 850 3720 tum
883 3647 1065 3724 versionis
1099 3649 1219 3748 afflues
1255 3675 1394 3726 cerream

191 3779 360 3855 tabulam
409 3778 613 3873 respiciunt
662 3781 702 3854 in
753 3806 826 3880 qua
875 3781 1143 3878 ichnographia
1197 3787 1323 3882 templi
1372 3815 1395 3862 a

199 3908 396 3984 Wilkinsio
412 3909 611 3982 exhibetur.
659 3908 797 3985 Ia'tcrcc
819 3922 942 3986 natan
959 3913 1102 4000 eedem,
1130 3915 1340 4029 clausaque
1356 3916 1397 3988 in

196 4041 354 4116 Miilleri
397 4039 495 4116 natis
538 4051 750 4128 occanum,
796 4044 960 4120 tabulam
999 4071 1042 4119 cc
1077 4045 1158 4141 ey'as
1194 4071 1299 4141 opere
1338 4049 1397 4121 ds·

198 4173 372 4268 scriptam
390 4169 600 4268 respiciant.
660 4169 780 4247 Varie
809 4175 980 4250 lectiones
1007 4201 1087 4274 pace
1113 4175 1230 4249 textui
1253 4174 1398 4271 subjici
1428 4187 1430 4194 ’

200 4316 317 4379 untur
367 4333 385 4380 e
440 4301 636 4378 Cleandleri
694 4305 908 4400 apographa
956 4306 1223 4395 describuntur,
1262 4316 1401 4402 prater

196 4461 338 4536 paucas
374 4465 419 4516 ee
452 4437 665 4536 apographo
702 4436 986 4516 Schneideriono
1016 4467 1096 4541 qaae
1118 4441 1222 4516 litera
1258 4439 1284 4514 S
1323 4440 1399 4536 eig-

203 4579 377 4667 aaaron)
478 4665 486 4696 ι
509 4669 599 4742 supra
614 4688 640 4742 p·
659 4667 724 4728 ¹55·
885 4669 898 4698 ι
920 4668 980 4729 Lib.
995 4668 1033 4727 ui.
1055 4689 1079 4730 c.
1094 4683 1121 4736 a.
