3218 5116
791 437 859 495 144
1193 429 1344 522 [Cures.
1365 435 1429 500 111.

227 630 274 679 ne
303 627 397 702 apex
433 605 578 702 quidem
607 614 670 676 aut
695 605 780 677 addi
805 616 870 678 out
899 603 996 679 demi
1026 615 1159 701 posset.
1216 605 1429 681 Biickhius¹

226 746 352 810 contra
380 737 507 809 formae
542 733 742 807 efficiendae
776 735 939 830 pulchrae
973 758 1084 808 causo
1122 735 1247 810 titulos
1281 737 1334 809 ita
1369 737 1426 810 in·

226 866 377 961 scriptos
415 887 494 938 esse
527 863 662 948 statuit,
703 872 741 937 et
776 865 873 936 hunc
910 886 1045 936 morem
1082 863 1181 938 haud
1218 874 1428 938 constanter

226 995 363 1068 servari
394 993 506 1067 addit.
557 993 699 1066 Contra
729 993 902 1068 Osannus
934 993 1071 1067 nullum
1104 994 1260 1090 lapidem
1290 1021 1331 1070 se
1365 1021 1426 1072 ex-

174 1181 179 1191 .
225 1127 403 1199 aminusse
439 1123 592 1197 affirmat
624 1129 646 1166 ‘⁶
659 1147 732 1220 quo
772 1134 859 1197 ante
903 1124 1088 1198 Christum
1133 1136 1257 1200 natum
1306 1127 1426 1223 posito

224 1257 353 1330 litteras
382 1255 535 1330 confuso
563 1254 693 1327 ordine
723 1275 762 1326 se
794 1253 1020 1350 exceperint,
1045 1241 1120 1329 nisi
1139 1254 1316 1354 turbatus
1340 1257 1426 1331 ordo

219 1386 410 1484 propnirm
436 1387 475 1460 in
509 1409 548 1458 re
575 1381 847 1456 macarianam
877 1379 1035 1467 holm&
1069 1385 1167 1482 quod
1188 1407 1277 1460 cave
1305 1409 1354 1460 ne
1375 1386 1426 1458 ita

223 1517 377 1612 occipias
410 1540 454 1590 ac
484 1515 516 1588 si
554 1513 715 1611 ejusdem
746 1510 841 1584 tituli
876 1534 1001 1586 versus
1035 1511 1237 1588 litterarum
1267 1537 1422 1589 numero

223 1667 348 1718 omnes
382 1643 451 1716 sibi
485 1663 591 1736 pares
624 1639 736 1711 fuisse
769 1638 934 1712 dixerint.
988 1641 1136 1716 Etenim
1170 1665 1422 1738 sepenumero

224 1771 366 1857 accidit,
403 1779 444 1842 ut
478 1790 602 1840 versus
642 1790 716 1842 uno
747 1769 936 1844 duabusve
975 1770 1103 1844 litteris
1136 1769 1253 1878 altero.
1279 1771 1425 1870 longior

224 1899 305 1970 sit.''
357 1898 406 1970 At
434 1896 470 1969 in
506 1894 673 1968 omnibus
702 1920 774 1996 ego
803 1896 908 1970 aliter
926 1896 1056 1996 judico
1085 1921 1129 1972 ac
1161 1899 1216 1973 vir
1245 1899 1421 1987 eruditus,

224 2030 281 2104 vel
303 2029 427 2103 saltem
456 2030 524 2102 lroc
553 2047 662 2124 pono,
682 2028 877 2126 proprium
901 2029 1007 2104 illum
1029 2030 1303 2128 'ammonem
1325 2055 1423 2127 saepe

224 2160 372 2257 reperiri
397 2165 520 2256 punse.¹
561 2159 639 2233 Res
663 2158 759 2231 onim
790 2181 898 2252 quum
929 2182 969 2232 se
998 2181 1184 2257 nunquam
1211 2159 1422 2234 observasse

223 2293 376 2366 testetur
403 2291 458 2364 uir
489 2289 663 2378 eruditus,
690 2312 762 2387 ego
796 2312 893 2384 soepe
927 2289 1129 2372 observavi,
1168 2316 1202 2364 e.
1217 2316 1258 2390 g.
1296 2291 1335 2363 in
1368 2292 1423 2365 in·

222 2419 416 2515 scriptione
443 2418 567 2491 Ghois.
591 2417 621 2490 l.
672 2417 823 2504 Contra,
850 2415 889 2488 in
917 2416 1015 2491 nullo
1034 2442 1211 2492 marmore
1240 2418 1422 2518 στοιχηδόν

153 2551 161 2568 ’
221 2549 309 2624 tinto
334 2546 520 2623 Euclidem
549 2545 682 2640 scripto
711 2545 778 2641 (nil
807 2569 927 2622 moror
946 2546 1045 2619 enim
1071 2549 1329 2633 uutvcurmina,
1355 2561 1419 2623 aut

223 2679 412 2754 nominum
447 2676 654 2776 catalogos)
691 2676 759 2750 nisi
793 2678 830 2750 in
868 2680 938 2750 lroc
969 2687 1093 2752 nostro
1123 2677 1416 2779 impares-quod

221 2813 403 2885 literarum
418 2834 619 2893 ¹numerum
645 2808 788 2898 attinet,
814 2810 927 2884 lineas
954 2835 1035 2886 esse
1057 2813 1302 2887 animadverti.

611 3021 618 3052 ¹
643 3023 752 3081 Biiclh.
767 3023 849 3081 Tom.
862 3023 899 3081 ll.
922 3045 949 3100 p.
964 3031 1033 3082 214.
