3218 5116
138 347 144 352 -
231 302 358 368 lusca.
382 299 492 380 lllll.]
794 311 858 388 171

231 471 417 546 elevarem
430 473 455 562 ¹,
497 471 612 546 Attici
655 497 730 548 non
764 475 1024 564 adhibuerunt,
1068 501 1278 579 quanquam
1314 479 1421 552 lones

229 600 273 674 iis
302 602 411 674 etiam
437 602 594 699 inspira
620 604 809 704 Atticurge
836 606 961 701 templi
986 605 1073 680 Teii
1098 608 1155 682 usi
1177 609 1323 710 sunt⁹.''

304 753 330 786 “
345 745 487 840 Scopas
504 752 616 844 (σῶμα
630 750 747 843 κίονος)
763 750 907 824 strictus
925 761 987 824 ese
1002 751 1065 842 ita,
1087 764 1127 826 ut
1147 754 1278 852 striges
1296 760 1424 826 exacte

228 875 276 946 ad
302 874 474 948 circinum
493 877 715 951 dimidiatum
737 878 1049 965 excusatarum
1071 891 1192 958 autern
1210 881 1286 956 sive
1308 879 1423 978 virgae

230 1014 425 1099 pertenues
444 1013 482 1076 et
506 1005 618 1080 exiles
641 1007 860 1112 laetasint:
890 1006 1070 1106 quaejam
1096 1007 1304 1085 architectis
1320 1003 1426 1079 Teiis

229 1131 340 1227 paulo
353 1132 499 1205 latiores
516 1133 637 1206 fecere
662 1132 774 1206 visum
791 1135 885 1210 est³.
931 1133 1004 1206 Sed
1022 1133 1242 1212 tenuissimae
1263 1131 1421 1207 omnium

231 1258 270 1332 in
287 1261 366 1333 aede
383 1260 518 1346 llissea,
537 1245 584 1334 ⁸ut
600 1264 765 1346 strictura
779 1263 857 1337 fere
875 1261 1252 1338 Dorica-videatur‘.''

309 1409 334 1443 “
351 1401 603 1498 capracorum
627 1407 719 1480 ratio
745 1408 851 1502 plane
884 1420 940 1480 est
963 1406 1157 1506 singularis
1188 1427 1309 1503 neque
1337 1403 1424 1478 alias

232 1531 347 1604 obvia.
399 1531 526 1608 Habet
559 1535 666 1620 enim,
703 1560 786 1631 quae
821 1537 952 1610 ceteris
987 1535 1230 1612 monumentis
1264 1537 1396 1609 desunt
1413 1563 1429 1640 ;¹

233 1676 332 1738 caret
356 1667 550 1758 nonnullis,
577 1694 659 1765 quae
695 1671 732 1742 in
765 1670 865 1744 hisce
895 1683 1047 1754 exeunt.
1100 1670 1247 1746 Abacuc
1268 1670 1424 1767 primunr

232 1798 439 1892 simpliciter
467 1812 523 1874 est
545 1803 704 1888 simatus,
730 1813 767 1873 et
797 1802 996 1890 conchulis,
1025 1826 1114 1898 quas
1146 1799 1269 1876 Graeci
1298 1799 1426 1895 κάλχας

232 1932 428 2005 dixerunt⁵
454 1943 614 2007 ornatus.
666 1932 828 2026 Simplex
856 1931 915 2003 hic
943 1933 1058 2028 magis
1086 1933 1253 2027 placebat
1283 1928 1422 2018 Atticis,

231 2085 341 2157 quam
376 2062 596 2154 compositus
627 2083 648 2128 e
684 2061 823 2154 quadra
860 2069 896 2129 et
929 2061 1097 2154 cymatio,
1132 2063 1274 2154 qualern
1309 2060 1426 2134 archi·

231 2195 317 2265 tecti
354 2193 511 2276 Romani
549 2190 706 2284 amplexi
746 2199 839 2273 sunt,
878 2213 1085 2284 quanquam
1126 2194 1232 2264 etiam
1266 2197 1305 2265 in
1346 2199 1425 2268 aede

235 2317 429 2416 Didymaeo
463 2326 500 2390 et
530 2317 696 2390 Prienaea
729 2313 892 2411 simplice
922 2314 980 2385 illa
1012 2313 1151 2384 ratione
1184 2317 1301 2388 factus
1336 2329 1425 2389 erat.

233 2445 388 2520 Canales
416 2448 509 2522 inter
544 2445 682 2522 volutas
715 2445 818 2519 latior
849 2443 1037 2540 aliquanto
1069 2467 1177 2540 quem
1211 2465 1291 2516 esse
1323 2442 1426 2532 solet,

229 2599 352 2672 neque
381 2577 486 2650 rectis
515 2587 554 2650 et
586 2575 761 2671 parallelis
800 2573 905 2647 lineis
938 2572 1099 2670 cingitur
1130 2575 1193 2646 red
1229 2567 1421 2642 cunstat

229 2709 285 2782 Ea
306 2709 423 2808 ligura
438 2709 544 2783 etiam
570 2709 607 2780 in
626 2711 705 2782 aede
732 2708 869 2794 llissea,
898 2707 1000 2778 simili
1021 2707 1166 2778 Prienae
1188 2706 1421 2780 observatur:

227 2841 292 2912 sed
311 2863 332 2909 a
346 2839 528 2934 plerisque
542 2836 761 2919 architectis,
784 2837 892 2906 etiam
908 2833 1096 2920 Romanis,
1123 2835 1260 2932 reJecta
1274 2859 1318 2908 ea
1335 2838 1421 2910 est.”

303 2991 327 3026 “
343 2981 436 3070 Quae
482 3002 503 3049 e
541 2975 670 3049 volutis
714 2973 802 3042 alias
845 2971 1036 3064 provenire
1054 2991 1060 3002 ’
1077 2974 1246 3050 videntur
1292 2977 1421 3048 helices

173 3099 179 3106 ’
228 3117 303 3189 sire
339 3110 513 3208 palmites,
550 3109 613 3178 has
652 3101 760 3178 Attici
798 3101 985 3175 architecti
1020 3103 1187 3176 consulto
1218 3104 1422 3202 neglexisse

227 3243 415 3318 videntur:
455 3259 535 3308 cum
566 3233 645 3331 jam
692 3230 730 3302 in
775 3227 907 3323 templo
952 3224 1078 3300 llisseo
1123 3253 1183 3303 eas
1226 3230 1418 3303 admodum

230 3373 391 3477 exiguas¹
405 3367 611 3440 linxerint.”

272 3655 281 3687 ¹
303 3647 408 3722 Sequor
421 3643 608 3702 definitionem
628 3641 796 3716 prohabilem
886 3643 898 3675 ⁴
920 3637 996 3696 Strix
1010 3651 1053 3698 est
1065 3641 1107 3699 2⁸¹.
1119 3648 1143 3698 l.
1159 3643 1229 3700 stria
1243 3637 1322 3702 266.

231 3741 342 3806 Genelli
359 3742 413 3800 liu.
433 3740 468 3798 ad
483 3736 644 3795 Vitruvium
659 3753 740 3808 exeg.
757 3733 797 3794 11.
887 3735 1067 3810 'Inscriptio
1080 3739 1103 3806 ξ.
1118 3742 1147 3797 5.
1406 3791 1409 3800 ,

230 3863 258 3919 p,
274 3847 324 3900 23.
887 3830 899 3862 ⁶
918 3829 965 3887 At.
980 3827 1060 3886 Hirt.
1076 3829 1273 3891 Architecture
1287 3830 1323 3887 ad
1336 3847 1417 3906 regu·

848 3922 906 3979 lam
921 3930 1046 3980 veterum
1060 3941 1088 3996 p.
1104 3927 1152 3992 77.
1169 3922 1297 3980 canalem
1311 3923 1417 3980 huncce

848 4017 1005 4092 vituperat:
1037 4035 1141 4086 vereor,
1163 4035 1198 4074 ne
1220 4017 1321 4089 inique,
1351 4035 1417 4073 cum

273 4117 285 4150 ¹
304 4119 359 4176 Hie
376 4119 453 4176 enim
472 4116 542 4174 strix
556 4121 600 4171 est
613 4111 710 4171 4“.15.
730 4112 799 4169 stria
848 4114 945 4171 Attica
965 4113 1152 4170 architectura
1174 4111 1212 4170 ad
1227 4110 1338 4184 regulas
1355 4110 1420 4167 vit

237 4215 277 4272 1⁸⁸.
297 4214 324 4272 in
348 4215 452 4290 templu
473 4212 596 4269 Prienaee
617 4210 660 4270 4³⁸.
670 4215 760 4276 95-.
769 4213 798 4274 9.
850 4205 920 4262 ruvii
947 4224 981 4264 ex
1007 4205 1184 4280 Hermogene
1208 4204 1306 4260 ductas
1327 4201 1417 4279 (Hirr.

236 4305 427 4382 inDirlynraeo
442 4305 484 4370 7“.
494 4304 609 4364 3.-1“.
619 4307 666 4361 55.
851 4321 878 4374 p.
896 4299 957 4376 76.)
971 4321 1025 4358 non
1038 4303 1074 4358 sit
1087 4301 1231 4377 exigenda.
1366 4349 1368 4356 .

271 3981 283 4013 ¹
304 3979 365 4036 lon.
378 3975 464 4049 antiq.
479 3973 504 4031 l.
517 3969 556 4045 pl.
570 3975 600 4027 8.
