3218 5116
214 389 343 458 lusco.
364 381 475 470 v111.]
668 320 686 345 ο
785 389 858 472 ⁴9⁵

289 557 417 635 Partes
447 557 754 659 quadrupedales.
770 615 778 632 .
795 559 921 659 ..ejus
957 560 1020 658 qui
1039 561 1155 660 juxto
1178 559 1406 636 simulacrum

210 695 277 760 esi.

287 816 414 893 Partes
434 817 722 920 qundmpednles
734 874 743 892 .
756 875 766 894 .
781 875 789 892 .
802 871 811 892 .
825 819 862 891 in
884 818 1049 896 Portiou¹
1068 823 1252 921 thyroma⁹
1272 843 1410 895 versus.

285 953 397 1026 Arum
414 952 559 1052 Thyeci
575 951 587 988 ⁸
606 976 680 1027 non
697 975 765 1026 suo
782 952 860 1026 loco
877 953 1043 1050 positam.

287 1079 442 1155 Solorii⁴
471 1080 658 1182 (Angues,
681 1080 875 1182 flutrorff)
904 1081 1148 1176 securiculas?

211 1273 250 1350 si)
280 1270 319 1332 eri
353 1273 532 1351 inscriptione
569 1284 786 1353 antepagmenta
874 1275 1050 1357 “iropoptn
1093 1277 1161 1336 tecti
1206 1285 1250 1336 est
1291 1283 1408 1334 externa

212 1391 270 1430 non
296 1369 385 1430 tatem
413 1371 483 1430 olim
518 1370 581 1430 ostii
618 1371 667 1430 sed
698 1371 785 1432 etism
835 1375 1006 1450 superficies.
1044 1373 1191 1440 Solarium
1216 1378 1299 1436 vertit
1334 1376 1405 1433 Wil-

211 1468 300 1528 limen
313 1469 437 1546 superius
455 1469 584 1528 vestiisse
606 1470 697 1528 docet.
738 1468 785 1528 Cl.
835 1472 942 1532 kinsius
965 1474 1013 1531 sod
1041 1473 1070 1530 in
1097 1481 1164 1531 note
1191 1475 1227 1532 ad
1253 1470 1406 1550 Anglicsm

211 1567 331 1626 eundem
365 1569 402 1626 ed
432 1568 562 1643 Xenoph.
597 1567 690 1628 Mem.
719 1566 786 1644 Epi·
834 1566 1000 1640 versionem,
1021 1567 1195 1628 levissimum
1215 1569 1245 1626 in
1262 1568 1405 1647 e'topopip

211 1671 294 1722 metr.
336 1683 364 1740 p.
402 1661 472 1724 286.
524 1664 712 1746 “llapoovrir
743 1676 785 1724 est
832 1657 1042 1720 inclinationem
1053 1679 1113 1720 esse
1126 1670 1205 1720 notet
1217 1663 1257 1720 its
1270 1669 1300 1718 ut
1311 1656 1407 1734 pluvie

212 1758 307 1834 paries
345 1759 417 1818 ostio
464 1759 591 1838 utrinque
636 1761 783 1837 adjunctus
832 1756 862 1814 in
876 1759 987 1837 crinales
1004 1761 1126 1820 defluere
1147 1761 1243 1836 possit.
1285 1757 1408 1834 “Hujus

210 1873 308 1914 versus
335 1855 468 1916 orientem
493 1865 570 1932 puto,
589 1858 668 1934 cujus
695 1856 784 1933 longi·
833 1854 955 1926 porticus
969 1865 1073 1914 tectum
1093 1866 1242 1932 equatuor
1262 1852 1411 1912 marmori·

210 1949 336 2008 tudinem
360 1959 493 2027 computo
516 1950 552 2007 sd
574 1970 602 2025 p.
623 1957 672 2010 30.
690 1957 720 2008 0.
738 1951 786 2016 7.”
834 1947 886 2008 bus
921 1951 1047 2024 efficitur,
1088 1953 1124 2008 ab
1161 1949 1277 2012 australi
1312 1948 1409 2025 templi

210 2045 329 2104 Mulier.
836 2043 941 2116 pariete
973 2065 1059 2122 usqne
1086 2047 1122 2103 od
1152 2047 1284 2126 epistylio
1319 2047 1408 2106 simu·

252 2145 313 2200 ¹e'v
335 2145 374 2222 τῇ
395 2137 571 2221 προστάσει.
614 2136 690 2194 “Cf.
713 2136 785 2193 Tab.
835 2137 1089 2204 locrisinsisteatia
1110 2146 1254 2216 porrectis.
1296 2144 1409 2204 Horum

212 2239 398 2294 xx111.4.c.
415 2233 488 2289 Puto
502 2237 722 2304 antepagmenta
732 2230 788 2303 epi·
837 2232 897 2288 ima
923 2233 1009 2292 socies
1041 2237 1158 2292 lacunar
1183 2240 1212 2295 in
1241 2258 1322 2298 arcas
1353 2243 1410 2300 alte

210 2328 357 2404 cronitidis
376 2348 438 2386 esse
460 2327 561 2384 dextre
574 2323 701 2401 laevaque
714 2325 786 2384 ostii.
835 2329 942 2388 incisos
962 2333 1084 2390 divisum
1108 2335 1202 2408 efficit,
1224 2345 1252 2393 et
1270 2336 1300 2393 in
1321 2337 1411 2396 sronte

212 2429 290 2500 Quae
311 2447 375 2486 cum
400 2424 571 2506 longitudine
589 2423 627 2481 sit
643 2443 672 2500 p.
693 2429 742 2484 20.
759 2429 787 2491 7.
838 2426 987 2502 superioris
1024 2427 1120 2485 lateris
1155 2447 1258 2487 corono
1290 2431 1412 2502 porticus

209 2527 289 2585 vides
322 2545 368 2585 me
393 2535 467 2586 reete
498 2521 641 2600 supplesse
672 2523 788 2582 Μεθ’
835 2521 1021 2584 elaboratur.·'
1062 2524 1191 2586 Wilkins.

207 2621 327 2684 Mtiller.

246 2720 402 2804 ’inupm
444 2719 510 2778 Hae
537 2739 605 2780 voce
628 2720 780 2796 significari
873 2715 1073 2796 'Spasinou
1120 2718 1280 2795 “impeges
1305 2730 1412 2782 eunte

206 2817 359 2878 Pandrosei
381 2821 501 2896 januam
524 2814 605 2875 illam
630 2819 778 2894 superbam
831 2816 949 2878 metallo
965 2819 1056 2889 sactes,
1067 2818 1173 2876 duobus
1188 2814 1311 2874 cuneolis
1321 2820 1357 2875 ed
1371 2820 1412 2878 sl·

206 2935 268 2994 quae
307 2916 389 2974 hodie
423 2922 502 2973 extet
536 2913 618 2970 docet
658 2911 780 2975 Leakius
830 2925 921 2971 terum
937 2913 1020 2970 finem
1028 2912 1135 2987 junctis
1155 2907 1270 2970 similes.
1303 2911 1410 2993 pippin

203 3015 326 3091 (Topog.
357 3018 420 3072 Att.
452 3031 480 3086 p.
509 3005 595 3084 264.)
622 3011 694 3065 unde
726 3011 780 3077 τήν
830 3009 948 3064 eandem
964 3025 1025 3063 rem
1039 3008 1210 3084 significant.
1234 3009 1409 3071 Securicutas

205 3107 436 3189 πρόστασιντήν
454 3104 525 3185 mprir
540 3104 593 3160 τοῦ
614 3103 780 3186 liupolparor
831 3097 957 3176 appellat
979 3101 1126 3160 Vitruvius
1149 3101 1219 3179 (IV.
1239 3105 1300 3180 7.)”
1341 3105 1410 3164 Wil-

204 3203 359 3261 Erechthei
399 3197 653 3276 Septentrionnlem
695 3198 781 3275 porti·
829 3195 902 3252 kins.
960 3197 993 3254 In
1034 3215 1067 3254 eo
1114 3198 1175 3256 loro
1223 3199 1410 3260 Schneiderus

203 3319 272 3360 curn
286 3317 346 3355 esse
360 3307 449 3373 putat,
471 3313 533 3374 quae
550 3297 636 3354 etiam
652 3301 672 3366 ri
691 3293 778 3367 στόα,
829 3293 904 3352 dedit
915 3293 1070 3368 securiolis,
1095 3315 1128 3354 ne
1148 3295 1272 3355 indicata
1293 3299 1407 3375 quidem

202 3415 271 3455 cum
281 3395 390 3453 caeteris
405 3395 553 3472 porticibus
562 3394 682 3471 amplior
695 3403 778 3465 esset,
829 3385 954 3446 lectionis
965 3389 1108 3446 varietate.
1130 3399 1146 3424 “
1157 3388 1327 3469 Epixroxor.
1350 3393 1408 3452 Cu-

204 3491 358 3552 dicebatur.
827 3485 934 3544 neolus.
976 3483 1096 3559 Lignum
1116 3505 1152 3544 ex
1168 3489 1304 3565 quadrato
1319 3507 1407 3568 eoque

245 3589 398 3670 3θυηχοιῖ.
440 3585 526 3660 Cum,
555 3597 585 3644 ut
615 3605 681 3646 vere
709 3583 778 3643 Wil-
827 3598 922 3638 crasso
949 3588 979 3636 et
1005 3578 1063 3639 loto
1084 3581 1222 3656 desinens,
1250 3585 1349 3642 itidem
1376 3587 1406 3645 in

203 3685 322 3758 kinsius,
344 3685 380 3742 id
407 3683 492 3742 finem
520 3682 707 3759 inscriptionis
729 3703 777 3742 oc.
829 3679 994 3756 quadratum
1018 3679 1066 3736 sed
1089 3692 1169 3740 tenue
1183 3693 1210 3741 et
1230 3682 1408 3769 angustum!⁸

204 3789 320 3841 cumani
345 3781 431 3838 verba
464 3783 506 3860 τῷ
531 3779 621 3862 βωμῳ
654 3781 695 3860 τῷ
726 3781 780 3838 τοῦ
830 3777 928 3853 Steph.
953 3775 999 3834 cf.
1016 3777 1162 3855 Aristoph.
1177 3781 1252 3839 Plut.
1265 3773 1338 3842 3301.
1360 3784 1406 3841 ubi

204 3879 324 3964 θνηχοῦ,
348 3878 424 3936 haud
460 3878 576 3935 dubium
614 3879 680 3955 quin
716 3879 779 3936 dnae
830 3879 987 3938 Brunclrius
1015 3879 1135 3938 advocat
1167 3881 1348 3942 Eustethium
1375 3906 1404 3961 p.

204 3974 292 4033 literae
318 3974 372 4033 hoo
398 3973 426 4032 in
452 3972 515 4030 loco
539 3974 697 4034 deficientes
726 3975 779 4032 ΘΥ
832 3985 901 4050 897.
923 3985 943 4039 l.
956 3983 1003 4044 57.
1024 3977 1085 4036 sind
1103 3981 1161 4036 τῶν
1175 3983 1407 4058 σφηκῶν-σφη-

205 4079 306 4131 essent.
340 4069 511 4150 Hesychius.
546 4070 678 4142 θυηκόοι.
692 4076 781 4157 lepris·
830 4071 1031 4156 «introi-frisle
1039 4073 1125 4154 μικρᾶ
1132 4079 1167 4132 sir
1178 4072 1230 4152 ὅξιῗ
1240 4071 1405 4146 συνηγμένα.
1499 4116 1504 4125 -

205 4165 254 4225 ubi
262 4167 405 4228 Albertius
413 4169 481 4228 citat
491 4169 634 4228 Photium.
642 4165 783 4250 θνηχόοι·
832 4175 1047 4252 ίῑΣφηκίσκουε.
1067 4168 1405 4248 Derrticnlosigiturcum

206 4268 235 4323 οἱ
252 4266 330 4344 ἱερεῖς
350 4271 377 4326 οἵ
396 4268 466 4348 trip
484 4269 542 4326 nin
557 4265 653 4354 ἄλλων
669 4263 783 4324 θύοντες
833 4269 917 4326 taenia
930 4267 1001 4325 unde
1015 4265 1134 4341 pendent
1146 4265 1263 4326 seorsim
1274 4285 1405 4327 soxoex-

206 4365 269 4417 noio
286 4361 377 4422 Genio.
419 4361 556 4422 Nonnulli
577 4361 667 4420 MSS.
684 4361 713 4420 in
734 4357 783 4418 illo
834 4361 904 4422 nisos
938 4362 1090 4437 affixosqne
1116 4361 1214 4419 deinde
1241 4379 1302 4421 esse
1332 4366 1407 4424 veri-

205 4455 270 4516 loco
291 4458 396 4522 hebent
417 4461 528 4532 θυηιόοι
550 4473 580 4520 ut
601 4461 675 4537 opud
689 4459 783 4539 Hesy·
834 4458 936 4519 simile·
976 4457 1310 4529 cs.tab.xx111.1.9.
1333 4469 1361 4523 2.
1374 4464 1405 4524 k.

207 4549 314 4612 chium.
797 4633 805 4652 .
836 4561 865 4616 4.
880 4555 925 4614 n.”
963 4551 1083 4612 Mulier.
