3196 5100
1237 356 1396 439 [Cnnss.
1426 355 1491 423 ΠΙ.

456 731 607 812 Crass.
637 731 728 816 ΙΙΙ.
784 734 911 814 Sacr.
942 730 1006 812 ΙΙ.
1068 735 1222 816 lnscn.
1247 736 1299 815 V.

511 943 750 1016 MARMOR
777 943 1126 1020 ELGlNlANUM
1152 944 1219 1018 IV.

759 1121 975 1178 rau.xXX.

799 1309 935 1360 “*‘
1227 1301 1231 1318 '
1580 1327 1582 1424 l

375 1485 543 1550 Cltuntllar.
570 1483 646 1546 Pars
670 1481 712 1546 ll.
753 1433 864 1548 'lum
887 1479 1020 1547 XXVI.
1075 1481 1166 1544 Mus.
1193 1479 1265 1547 Cat.
1292 1487 1366 1554 809.

343 1627 485 1712 Hurus
518 1636 704 1717 marmoris
739 1636 848 1735 (quod
879 1634 987 1707 hodie
1016 1635 1053 1707 in
1087 1635 1223 1708 Museo
1253 1632 1466 1707 Britannico

262 1777 487 1840 asservatum
523 1767 750 1840 Chandlerus
788 1767 940 1840 Athenis
971 1790 1085 1862 prope
1119 1765 1259 1838 Thesei
1294 1765 1463 1860 templum

265 1895 368 1990 vidit)
406 1899 515 1970 “duo
549 1899 661 1970 latera
692 1909 730 1970 et
758 1919 842 1994 pars
873 1921 946 1992 qua
976 1921 1136 1970 crassum
1172 1903 1263 1970 est”
1297 1895 1463 1991 inscripta

264 2032 359 2099 sunt.
406 2023 513 2098 Hanc
533 2027 782 2099 tantummodo
794 2038 932 2120 partem
951 2025 1181 2098 Chandlerus
1197 2025 1321 2123 legere
1334 2022 1460 2122 potuit,

265 2168 303 2230 et
338 2157 446 2244 hodie
481 2156 570 2254 lapis
605 2157 697 2230 adeo
724 2131 828 2229 tritus
868 2167 924 2231 est
959 2167 999 2236 ut
1028 2181 1049 2229 e
1080 2157 1254 2233 lateribus
1286 2179 1358 2228 non
1395 2155 1459 2227 nisi

263 2307 380 2380 pauca
413 2281 534 2381 colligi
565 2283 712 2381 possint.
766 2283 962 2355 Chandleri
988 2283 1238 2382 apographum
1264 2283 1361 2356 haud
1388 2285 1459 2358 cul·

263 2421 423 2516 pandum
477 2429 543 2502 est,
599 2417 667 2489 nisi
729 2419 826 2514 quod
880 2415 970 2490 miro
1020 2440 1143 2490 errore
1207 2427 1291 2488 octo
1350 2416 1458 2488 lineas

264 2569 348 2640 quoe
394 2565 521 2616 revera
564 2543 610 2614 ud
653 2541 794 2615 initium
842 2543 1072 2642 Epigraphes
1112 2545 1194 2631 sint,
1246 2546 1293 2617 ad
1328 2543 1457 2618 calcem

264 2673 444 2771 reJecerit.
522 2670 565 2742 ln
619 2671 761 2744 duabus
810 2672 981 2745 chartulis
1034 2673 1153 2748 forsan
1210 2678 1455 2773 apographum

270 2807 463 2903 scripserat
497 2831 589 2904 quas
621 2832 704 2880 cum
740 2830 813 2880 non
850 2808 916 2880 nisi
955 2809 1068 2906 longo
1103 2821 1184 2905 post
1213 2821 1375 2906 tempore
1408 2835 1459 2882 rc·

269 2937 443 3034 spexerit,
477 2937 612 3011 oblitus
647 2949 701 3011 est
733 2962 816 3034 quae
851 2937 1005 3032 priorem
1042 2959 1198 3035 quaeque
1229 2939 1457 3036 posteriorem

265 3078 406 3165 partem
438 3061 654 3142 contineret.
704 3067 841 3139 Eadem
876 3066 1057 3151 materies,
1091 3077 1131 3139 ut
1163 3068 1250 3140 satis
1282 3079 1392 3164 patet,
1420 3065 1452 3136 in

269 3199 421 3305 singulis
457 3198 628 3272 luteribus
664 3207 851 3285 tractatur,
879 3209 916 3269 ct
946 3207 1089 3294 pactum
1123 3199 1266 3273 videtur
1297 3221 1375 3270 esse
1404 3198 1454 3269 in·

264 3331 452 3416 duciarum
480 3329 536 3404 vel
563 3330 763 3428 Ἐκεχειρίας
793 3352 875 3422 quae
902 3327 948 3398 ub
980 3335 1079 3399 certa
1105 3330 1271 3424 quaedum
1299 3327 1451 3400 Deorum

265 3461 430 3534 solennia
454 3459 592 3533 solebat
616 3457 797 3538 constitui.
853 3457 941 3546 Hic,
971 3458 1038 3531 nisi
1063 3459 1179 3546 fallor,
1207 3459 1348 3559 Magna
1377 3483 1451 3555 quae

265 3598 440 3665 vocantur
484 3587 661 3686 Mysteria
707 3599 846 3661 tanturn
894 3588 1108 3678 innuuntur,
1149 3591 1312 3689 quamvis
1357 3590 1452 3664 aliter

266 3717 463 3796 Biickhius.
517 3725 541 3759 “
555 3719 858 3815 Fmgmentum,''
886 3732 926 3792 ut
944 3721 1003 3792 ille
1028 3721 1260 3820 sagacissime
1286 3721 1322 3792 in
1347 3719 1451 3792 literis

266 3847 390 3934 MSS„
426 3845 592 3943 “incipit
622 3845 814 3920 aratione
845 3870 969 3922 earum
1003 3873 1123 3921 rerum
1151 3871 1218 3944 pro
1245 3848 1377 3942 quibus
1404 3871 1451 3920 re·

266 3979 469 4056 muneratio
503 3979 622 4051 danda
655 3977 712 4062 sit,
748 3980 857 4059 credo
883 4003 950 4075 pro
984 3981 1116 4052 damno
1150 3979 1249 4075 quod
1283 3979 1378 4050 inter
1404 3980 1451 4052 in·

262 4109 451 4186 duriorum
480 4115 622 4205 tempus
648 4106 783 4181 illatum
814 4119 919 4182 esset.
973 4109 1148 4206 Sequitur
1179 4109 1215 4181 in
1255 4131 1337 4204 quae
1369 4107 1452 4182 festa

262 4236 474 4314 conuenerit
500 4237 546 4308 tle
571 4237 731 4336 ἑκεχειρίᾳ
762 4236 837 4310 sive
865 4219 1039 4323 urovloim
1069 4237 1200 4310 deinde
1231 4235 1451 4310 constituitur

262 4379 404 4467 tempus
453 4370 629 4469 ἐκεχειρίας
673 4368 825 4442 maxime
877 4363 1137 4462 Mysteriorum
1187 4391 1312 4442 caussa
1356 4367 1450 4440 lacte
