3176 5094
594 407 932 462 rnonanounut.
1315 386 1362 458 vii

163 561 200 634 ἐκ
220 558 347 655 δεξίων,
374 564 510 636 deinde
531 563 803 663 βουστροφηδόν,
828 576 966 662 postea,
994 561 1065 661 quo
1080 563 1189 636 hodie
1205 562 1363 637 solemus

163 715 275 778 more,
302 693 459 768 Grecos
479 696 662 791 scripsisse
684 699 743 771 vix
764 720 854 793 opus
881 707 935 768 est
960 707 1001 768 ut
1027 719 1232 769 memorem.
1284 695 1363 767 Pri-

164 847 233 896 mm
259 825 414 898 rationis
443 827 606 922 exempla
637 829 803 923 quaedam
837 827 932 898 infra
966 837 1174 921 ponuntur;
1216 827 1362 900 alterius

162 953 268 1048 plura
296 965 410 1052 atque
432 979 474 1028 ea
501 956 624 1028 omnia
650 956 746 1029 intra
769 968 914 1029 centum
940 954 1017 1027 lere
1047 979 1163 1028 annos
1192 965 1359 1051 reperta;

164 1079 469 1158 Montfnnconius
494 1087 603 1172 enim,
635 1087 739 1184 cujus
766 1085 1042 1182 Palaeograpbia
1068 1086 1201 1157 Graeca
1229 1086 1363 1181 prodiit

165 1210 208 1282 A.
229 1211 268 1286 S.
316 1223 428 1301 1708,
481 1238 545 1286 sua
588 1224 696 1287 oetate
739 1215 837 1286 nulla
885 1235 1063 1284 marmora
1105 1209 1364 1311 βουστροφηδόν

163 1341 299 1436 scripta
334 1354 457 1415 extare
491 1344 668 1417 testatur.¹
724 1337 964 1438 Quaecunque
996 1344 1040 1412 de
1074 1341 1213 1414 Cadmo
1248 1353 1361 1414 artem

164 1469 347 1542 scribendi
384 1472 539 1545 Grmciae
580 1474 699 1546 adhue
737 1473 921 1544 literarum
959 1471 1039 1543 rudi
1075 1472 1270 1559 inferente,
1306 1473 1363 1546 vel

164 1612 304 1688 contra,
344 1603 390 1675 de
423 1603 535 1675 literis
566 1601 706 1675 Graecis
737 1602 849 1699 longe
882 1612 967 1674 ante
1001 1603 1129 1675 Cadmi
1165 1605 1361 1677 adventum

165 1735 271 1819 notis,
296 1732 559 1828 disputaverint
579 1734 621 1806 V.
637 1731 819 1815 V.D.D.‚
850 1755 894 1804 ea
922 1734 1043 1804 omnia
1072 1736 1203 1822 seiens,
1231 1737 1362 1827 volens,

165 1861 417 1956 praetermitto.
470 1860 634 1932 Nimium
670 1861 764 1929 enim
801 1859 974 1952 temporis
1010 1863 1088 1954 ipse
1122 1863 1159 1934 in
1197 1863 1264 1935 illis
1295 1889 1361 1938 nn·

165 1991 220 2090 gis
243 1989 453 2084 consumpsi
480 2011 586 2083 quam
621 1996 661 2057 ut
692 1986 857 2058 Lectoris
890 1985 1063 2080 patientia
1097 1992 1223 2063 eodem
1257 1996 1362 2066 modo

166 2120 265 2192 abuti
291 2117 408 2190 velim.
463 2116 560 2206 Quid
587 2117 617 2188 si
647 2113 877 2202 ΒοΙιενίιιιιι,9
908 2116 1042 2187 “nullo
1067 2119 1257 2211 pulmones
1282 2123 1363 2223 agi·

167 2258 267 2319 tante
298 2245 517 2329 cachinno,”
554 2241 705 2316 Diodori
741 2241 977 2316 deliramenta
1007 2245 1052 2316 de
1078 2245 1291 2322 Graecarum
1320 2251 1363 2323 li-

167 2391 323 2452 terarum
362 2374 605 2449 monumentis
639 2372 872 2446 Deucalionis
907 2373 1039 2447 diluvio
1068 2379 1218 2470 perditis
1252 2392 1363 2478 atque

166 2509 295 2581 deletis
315 2506 477 2592 laudare,
511 2503 837 2599 Eustatbiumque³
868 2501 956 2575 mire
977 2506 1141 2601 quaedam
1172 2508 1216 2578 de
1240 2509 1363 2582 Pelas·

167 2639 223 2736 gis
250 2637 387 2710 divinis
414 2637 518 2710 dictis
548 2636 645 2734 quod
672 2635 739 2706 soli
767 2643 849 2729 post
877 2632 1048 2705 diluvium
1078 2635 1198 2708 literas
1225 2663 1363 2714 serras-

168 2779 251 2842 sent
277 2769 539 2842 balbutientem
566 2767 739 2838 inducere
764 2761 998 2836 videamusi‘
1048 2764 1143 2854 Quid
1174 2768 1205 2839 si
1227 2767 1362 2844 Salma-

207 3103 216 3134 ¹
242 3095 308 3156 Pal.
346 3095 399 3153 Gr.
439 3095 503 3154 Lib.
535 3095 574 3153 ll.
616 3113 679 3168 cap.
713 3101 739 3152 1.
790 3091 883 3148 libello
910 3091 989 3150 Galli
1015 3093 1171 3170 cujusdam,
1196 3097 1240 3154 cui
1262 3117 1362 3158 nomen

169 3209 197 3265 p.
220 3197 287 3250 118.
336 3189 472 3246 “Verum
508 3187 569 3244 baee
603 3186 740 3245 scribendi
792 3187 1044 3260 Raoul-Rocbette,
1066 3209 1154 3264 nuper
1166 3193 1242 3251 edito
1260 3197 1364 3253 exscri-

168 3303 270 3358 genera
305 3283 407 3342 vetusti
442 3285 552 3360 rarique
588 3285 739 3341 admodum
790 3281 866 3338 bam.
897 3281 999 3358 (Deux
1013 3283 1120 3340 lettres
1141 3285 1159 3342 l
1179 3305 1227 3363 my
1245 3287 1322 3344 Lord
1336 3290 1363 3347 le

168 3401 232 3438 naua
252 3379 339 3449 inere,
362 3380 403 3436 its
426 3389 458 3437 ut
482 3379 560 3437 nulla
580 3398 675 3437 eorum
697 3398 741 3436 su·
791 3376 892 3432 Comte
906 3376 1095 3450 d'Aberdeen‚
1119 3399 1146 3454 p.
1162 3377 1223 3456 65.)
1259 3383 1363 3440 “J'ob-

169 3477 271 3550 persint
288 3475 434 3551 vestigia.''
472 3472 589 3531 Fallitur
609 3475 740 3531 Malleius
791 3469 910 3526 senserat
937 3490 989 3546 que
1013 3471 1143 3546 l'opinion
1171 3475 1216 3550 qui
1244 3476 1363 3534 attribue

170 3575 233 3628 Art.
270 3567 371 3644 Lepid.
405 3569 444 3625 iv.
474 3575 520 3626 ll.
559 3588 622 3644 cap,
649 3577 676 3628 1.
711 3574 739 3630 8,
791 3561 947 3620 bCadmus
967 3563 1173 3624 l'introduction
1193 3569 1229 3625 du
1244 3571 1364 3642 premier

173 3669 217 3718 ll.
790 3661 922 3736 alphabet
942 3663 1012 3721 dans
1033 3663 1060 3720 la
1076 3665 1177 3737 Grece‚
1200 3684 1218 3721 a
1231 3685 1300 3740 pour
1314 3687 1364 3743 ga·

789 3766 853 3813 rant
863 3757 964 3831 unique
979 3777 1031 3814 une
1045 3761 1201 3835 conjecture
1219 3762 1362 3835 exprimee

207 3823 218 3854 ²
236 3817 314 3876 Diffi
328 3817 363 3873 ὼ
378 3815 469 3875 Pffi‘·
484 3817 537 3874 Gr·
551 3823 579 3874 et
593 3819 656 3875 Lat*
671 3819 739 3878 Lm·
790 3869 841 3925 par
855 3849 996 3908 Hemdote
1008 3853 1063 3928 (V.
1079 3857 1141 3927 58.)
1157 3871 1221 3912 sous
1234 3853 1262 3910 la
1273 3855 1363 3914 forme

170 3913 215 3984 (nd
227 3913 300 3970 ⁰²¹⁶·
316 3912 510 3970 M⁰¹¹ts²¹¹⁰⁰¹l
528 3912 589 3972 Pal·
605 3914 671 3990 GL)
686 3917 741 3975 ΝΟ·
790 3947 826 4002 du
840 3946 932 4015 doute,
943 3953 971 4003 et
983 3945 1093 4020 repetie
1104 3948 1213 4021 pardos
1223 3949 1362 4008 berivains

174 4016 218 4066 ¹⁰·
790 4041 954 4116 ponterieurs
967 4059 1036 4097 avec
1047 4041 1074 4098 le
1084 4050 1131 4099 ton
1141 4043 1175 4099 de
1183 4042 1363 4101 l'aseurnnce.

209 4169 297 4229 ,lbid
328 4170 357 4226 N
405 4176 437 4227 ll
792 4134 953 4208 J’ajouterai
974 4137 1073 4210 qu'une
1095 4135 1227 4192 assertion
1242 4135 1363 4209 prinis&-

299 4215 306 4230 '
358 4189 387 4228 θ’
443 4209 452 4228 ’
791 4235 869 4284 ment
888 4228 1024 4285 contraire
1039 4227 1161 4286 estfaite
1174 4247 1225 4302 par
1239 4228 1362 4287 Diodoro

209 4329 220 4359 ⁴
240 4325 280 4385 Ut
294 4327 413 4384 lectores
432 4321 589 4400 intelligant
607 4331 741 4401 quantum
792 4323 826 4379 de
841 4323 925 4381 Sicile
938 4325 1027 4400 (qussi
1041 4324 1091 4382 iste
1105 4323 1151 4381 vel
1165 4324 1312 4382 minimum
1326 4325 1362 4381 de

173 4415 216 4474 vel
225 4417 306 4477 hodie
318 4418 436 4477 valeam
448 4434 528 4490 nugae
541 4418 614 4492 istae,
625 4437 743 4492 paucae
793 4419 847 4478 hae
871 4439 899 4478 re
921 4419 993 4478 scire
1011 4419 1160 4495 potuisset)
1184 4419 1230 4493 qui
1250 4418 1291 4476 dit
1308 4437 1360 4493 que
