3222 5104
270 371 345 448 386
738 387 975 437 neeennrx.

353 549 523 637 Reliquum
541 550 626 634 quod
641 561 689 612 est
703 546 767 611 sine
781 547 907 632 negotio
926 549 1065 632 suppleri
1078 547 1203 633 poterit.
1247 549 1280 612 N
1282 573 1332 613 am
1345 557 1416 616 ante

275 654 376 718 literas
404 657 487 714 YKL
505 648 643 732 paullum
666 645 795 710 affectas
821 638 963 730 apparet
979 647 1072 710 etiarn
1096 646 1246 731 particula
1262 647 1356 712 litene
1381 651 1415 712 E.

274 751 348 816 Jarn
377 754 486 812 EYKL
509 745 630 810 initium
657 757 703 808 est
726 744 810 809 verbi
828 751 1080 820 EYKLEIZAN,
1103 767 1167 830 quo
1194 746 1311 829 scripto
1334 753 1415 809 [ΙΑΤ

276 849 487 933 supplendum
504 844 562 908 erit
574 849 740 906 ΠΑΤΡΙΔ.
784 841 996 907 Confirmatur
1010 843 1041 907 id
1059 843 1293 936 computatione
1311 843 1413 906 litera·

277 970 343 1011 rum
366 945 398 1010 in
415 941 663 1030 praecedentibus
688 940 838 1020 versibus,
869 963 938 1026 ques
965 939 1044 1006 inter
1067 948 1152 1005 llAT
1170 953 1201 1004 et
1224 947 1333 1005 EYKL
1356 937 1414 1006 tre'r

274 1047 376 1110 literas
405 1041 555 1106 excidisse
581 1053 743 1116 testantur,
771 1063 847 1125 quas
875 1041 1004 1103 reducas
1028 1039 1144 1123 scripto
1164 1046 1237 1102 ΚΑΙ
1260 1039 1415 1102 ΠΑΤΡΙΔ

278 1147 529 1218 ΕΥΚιΕΙΣΑΝ,
556 1152 589 1201 ιιι
618 1135 694 1202 fecit
722 1141 791 1226 jam
819 1135 1125 1202 Viscontus.-—Ad
1158 1137 1340 1202 senteutiam
1372 1139 1411 1200 cf.

276 1240 432 1323 Tyrtaeum
448 1260 503 1304 111.
528 1245 583 1301 23.

350 1376 459 1452 Arirde
483 1372 507 1446 δ’
534 1373 570 1444 ἐν
594 1371 796 1470 προμάχοισι
821 1372 932 1443 neoda
957 1379 1061 1468 φίλον
1085 1370 1193 1446 ὤλεσε
1217 1372 1317 1460 θνμιίν

392 1471 507 1546 ‘Arre
533 1503 574 1544 τε
589 1473 642 1544 καί
668 1470 766 1546 laede
789 1471 840 1544 καί
866 1465 999 1566 πατρίδ’
1026 1472 1205 1550 εὑκλεΐσας.

278 1629 359 1696 Haec
386 1627 490 1708 habui,
519 1650 589 1714 quae
608 1629 647 1690 de
672 1625 832 1711 epitaphio
859 1625 1056 1704 dissererem,
1082 1627 1276 1692 hauddubie
1304 1629 1414 1714 pretio·

276 1727 403 1792 sissinris
421 1727 578 1789 literarum
602 1722 811 1786 monumentis
829 1723 973 1787 marmori
999 1723 1166 1808 inscriptis,
1193 1749 1263 1812 quae
1283 1750 1321 1790 ex
1341 1726 1414 1792 anti·

154 1875 161 1890 .
276 1823 392 1910 quitate
407 1824 446 1885 ad
463 1845 521 1886 nos
544 1822 645 1885 delata
662 1833 745 1898 sunt,
773 1821 1016 1885 adnumerando.
1069 1821 1146 1910 Ejus
1174 1823 1258 1886 enim
1275 1839 1325 1889 est
1341 1824 1414 1888 anti·

275 1921 415 2008 quitatis,
434 1934 497 1984 uta
513 1919 621 2003 paucis
640 1916 686 1982 sui
703 1918 827 2001 generis
842 1933 1013 2002 superetur,
1033 1933 1064 1984 et
1076 1933 1227 1984 vetustam
1242 1922 1415 1986 Atticorum

274 2020 463 2086 literaturam
481 2031 575 2102 atque
598 2015 847 2101 orthographiam
873 2017 994 2101 plenius
1020 2017 1146 2095 exhibet
1169 2019 1327 2099 omnihus,
1353 2045 1416 2105 que

275 2121 437 2203 hucusque
455 2119 492 2182 ed
514 2115 655 2180 notitiam
673 2127 808 2178 nostram
826 2129 1042 2200 pervenerunt.
1095 2116 1250 2181 Praeterea
1267 2141 1416 2182 memora·

276 2217 338 2282 bile
364 2233 421 2291 est,
449 2229 595 2299 tanquam
622 2227 868 2288 monumentum,
902 2217 987 2299 quod
1013 2213 1142 2298 publica
1166 2239 1241 2279 cura
1266 2215 1337 2280 viris
1364 2239 1416 2300 pro

276 2315 382 2399 patriae
400 2313 498 2398 gloria
513 2310 641 2378 mortuis
655 2310 804 2396 positum,
827 2325 858 2374 et
875 2315 959 2396 quod
978 2311 1079 2374 solum
1100 2312 1164 2376 fere
1178 2336 1218 2376 ex
1235 2336 1349 2398 magno
1367 2314 1416 2377 illo

276 2414 490 2497 sepulcrorum
509 2434 584 2494 agro
602 2409 748 2492 supersit,
772 2407 825 2493 qui
837 2407 1023 2490 imaginihus
1041 2422 1073 2473 et
1089 2409 1227 2474 versibus
1244 2415 1415 2476 seculorum

277 2510 404 2595 gloriam
420 2521 594 2583 testaretur,
612 2505 815 2590 omniumque
828 2503 954 2569 uomina
967 2506 1139 2590 posteritati
1152 2511 1295 2584 traderet,
1311 2510 1419 2595 quihus

276 2608 450 2690 contigerat
467 2629 524 2691 pro
542 2604 640 2688 patria
668 2603 878 2688 pugnantibus
895 2604 986 2669 mori.
1031 2605 1139 2689 Auget
1162 2606 1289 2690 insuper
1313 2607 1417 2672 veteris

276 2704 383 2788 elegire
409 2703 566 2788 reliquias,
599 2701 735 2766 dictione
762 2701 970 2786 conspicuum
996 2702 1132 2788 simplici
1163 2718 1196 2768 et
1223 2707 1260 2768 ad
1288 2705 1415 2788 Tyrum,
1453 2695 1456 2702 ’

273 2799 465 2886 Theognidis
484 2817 576 2886 atque
595 2799 719 2864 Solonis
735 2797 873 2864 indolem
888 2802 1093 2882 conformata,
1120 2825 1189 2887 quse
1207 2825 1311 2868 versus
1326 2805 1415 2868 finem

276 2900 379 2987 prisca
405 2898 566 2964 nobilitate
583 2897 728 2980 insurgat.
783 2897 930 2983 Denique
947 2897 979 2963 in
1006 2893 1045 2964 eo
1071 2900 1223 2965 habemus
1243 2925 1345 2966 rerum
1366 2901 1416 2966 illo

275 3015 417 3084 tempore
430 3011 584 3081 gestarum
599 2997 834 3073 documentum,
862 2995 1076 3081 incorruptum
1089 2998 1201 3084 suique
1218 3001 1339 3082 generis
1351 2999 1417 3064 uui·

272 3111 355 3177 oum,
378 3096 496 3183 quippe
514 3097 554 3158 ad
569 3095 658 3178 cujus
672 3107 888 3177 argumentum
907 3094 1102 3178 Thucydidis
1120 3096 1281 3160 historiam
1297 3098 1416 3182 exigere

276 3197 410 3282 indeque
425 3191 578 3277 egregiam
593 3193 660 3276 ejus
673 3191 767 3254 fidem
782 3195 988 3276 comprobare
1006 3193 1090 3258 licet.

348 3327 472 3402 Restat,
495 3337 530 3387 ut
548 3323 652 3408 ipsum
668 3323 894 3408 subjungamus
909 3345 946 3388 ea
961 3325 1072 3402 forma,
1089 3326 1241 3410 adquam
1258 3321 1415 3389 communi

275 3423 459 3503 amicorum,
485 3420 628 3486 Viseonti
645 3435 738 3508 atque
753 3434 857 3483 nostra
875 3443 971 3504 opera
984 3421 1121 3486 revocari
1138 3423 1259 3507 potuit:

384 3564 568 3637 Ἀθιίνοπον
592 3562 686 3636 κλίοο
710 3553 776 3632 oth
801 3563 905 3655 φίλην
926 3562 1004 3655 περί
1031 3556 1162 3657 πατρίδ’
1187 3558 1314 3644 Ιἔθεντο,

450 3664 610 3745 Σημαῖνον
633 3655 669 3730 dd
691 3659 787 3754 μα’χη
811 3652 1002 3740 δυσμενέεσι
1026 3661 1114 3748 βίην·

268 3913 392 3988 aliquam
409 3911 596 3986 expressisse?
625 3909 715 3968 Addit
733 3912 818 3982 enim,
870 3929 910 3968 sc.
934 3910 1045 3969 πολλοὶ
1058 3911 1166 3991 α’ρεπιίν
1186 3911 1364 3991 Πατρόκλων
1380 3911 1421 3968 καί

268 3993 296 4048 id
310 3991 417 4050 sactum
870 3989 999 4070 Τεύκρων
1022 3992 1150 4060 ποιήσαι,
1175 3989 1204 4046 id
1231 3999 1316 4048 antea
1342 3989 1420 4048 Euri-

870 4069 1016 4218 pid9egsde
1044 4090 1073 4127 se
1101 4081 1229 4126 removet
1261 4069 1307 4126 his
1333 4069 1420 4126 serbis

400 4098 433 4155 ἵν’
446 4098 585 4177 ἐπαίροιμ’
597 4099 683 4178 ἄνδρα
698 4102 821 4166 πολίτην

204 4223 211 4237 .
268 4177 553 4280 ἄν’·νεκπείνεινιαιίρὸν
565 4181 688 4250 τούτοις,
709 4179 822 4236 ὁπόταν
1059 4225 1115 4284 οὐδ,
1127 4224 1311 4304 ἐξέπληττον
1322 4226 1421 4284 ΕΜ

268 4270 428 4330 “mmm
442 4281 559 4338 “mih
871 4303 1017 4362 Κύκνους
1038 4307 1142 4364 ποιιίν
1162 4305 1214 4361 καί
1243 4303 1421 4378 Μίμνοναι

269 4382 403 4444 Ceterum
416 4383 492 4460 quod
504 4383 534 4442 h.
546 4383 566 4443 l.
578 4382 733 4461 AEschylus
741 4381 819 4454 dicit,
870 4382 1216 4464 κοδυνοφολαροπιίλονς.
