3176 5094
623 417 959 472 ranaeoonann.
1335 403 1398 474 xiii

190 567 436 642 mentationes
469 572 533 644 ubi
563 575 776 673 perlegeris,
808 577 1056 675 plurimosque
1084 588 1246 652 veterum
1278 581 1397 677 Scrip-

187 707 306 769 torum
325 699 454 774 allatos
472 704 614 776 erudite
632 707 730 780 locos
749 710 813 781 ubi
831 711 1041 797 contuleris,
1073 713 1160 784 nihil
1179 714 1282 802 certi,
1308 717 1396 789 nihil

187 829 422 904 determinati
442 833 524 906 elici
544 837 580 908 in
607 861 652 909 ea
670 861 710 910 re
732 863 839 936 posse
858 841 1042 916 fateberis.
1097 845 1145 916 At
1163 867 1397 943 quocumque

186 959 336 1031 tandem
368 964 518 1038 nomine
550 969 739 1064 primaevas
766 970 980 1045 Graecorum
1014 974 1136 1046 literas
1170 999 1394 1066 vocaremus,

187 1085 387 1164 dummodo
404 1091 542 1184 liceret,
567 1119 724 1193 quanam
742 1099 878 1173 fuerint
895 1103 1024 1200 figura,
1048 1128 1300 1202 cognoscere:
1329 1109 1395 1203 qui

187 1243 274 1294 vero
290 1223 412 1314 liceat,
436 1221 518 1299 cum
536 1228 615 1326 ejus
633 1231 747 1303 aetatis
768 1246 1040 1304 monumentum
1057 1235 1217 1328 supersit
1233 1235 1393 1308 nullom?

186 1351 232 1422 ad
258 1349 474 1428 Phoenicius
500 1359 664 1452 primitus
690 1362 883 1434 accessisse
907 1361 1206 1436 verisimillimum
1230 1364 1393 1450 videtur;

185 1491 224 1553 at
255 1483 383 1579 quales
418 1489 577 1585 antiquae
612 1491 811 1564 Phoeniciae
839 1492 987 1580 fuerint,
1021 1493 1102 1591 quis
1132 1495 1237 1568 nobis
1272 1506 1390 1568 ratum

188 1612 303 1686 facit?
331 1615 405 1688 Eos
424 1619 570 1712 quidem
590 1623 773 1694 recensuit
789 1622 967 1721 Scaliger,
986 1633 1024 1696 et
1042 1623 1219 1711 exhibuit,
1237 1635 1392 1722 postque

187 1744 411 1839 ipsumssllh
435 1758 473 1821 at
492 1753 587 1822 unde
603 1752 778 1840 eruerint,
799 1777 870 1825 non
893 1765 1054 1826 monent.
1073 1779 1077 1788 ·
1095 1754 1138 1826 ln
1157 1751 1393 1828 Samaritanis

189 1875 415 1949 numismatis
439 1901 566 1974 paucae
587 1881 712 1969 literoe,
736 1893 773 1956 et
791 1907 918 1979 parum
937 1893 1171 1955 constantes:
1199 1884 1244 1955 de
1265 1907 1392 1956 eorum

188 2021 311 2082 autem
341 2035 419 2086 aevo
445 2013 527 2110 quis
555 2038 620 2087 nos
646 2016 820 2089 certiores
845 2014 956 2088 faciti
997 2014 1139 2087 Punica
1164 2015 1273 2088 etism
1292 2015 1393 2088 adhi-

188 2140 323 2212 bentur
334 2170 346 2229 ς
373 2155 411 2216 at
434 2143 516 2239 quis
535 2145 641 2232 norit,
659 2168 682 2215 a
701 2143 897 2218 Phoenicia
920 2147 1033 2218 forma
1052 2143 1183 2217 Paenos
1202 2147 1393 2218 scribendo

188 2299 261 2348 non
299 2275 524 2350 deflexisse?
579 2277 743 2352 lonicum
782 2290 820 2350 et
853 2279 1018 2350 Atticum
1057 2277 1292 2374 alphabetum
1326 2277 1392 2350 viri

188 2408 286 2481 docti
314 2408 455 2504 pariter
477 2409 583 2482 nobis
609 2411 827 2508 depingunt,
856 2434 900 2482 ac
927 2410 1140 2505 proferunt;
1174 2431 1249 2504 quo
1265 2419 1390 2480 autem

188 2537 309 2614 teste?
342 2541 474 2636 quihus
493 2539 651 2632 tabulis?
686 2565 769 2614 nam
792 2565 853 2614 eas
879 2542 1001 2615 literas
1029 2542 1220 2614 nominant
1245 2543 1389 2637 quidem

190 2677 369 2748 doctores
408 2685 557 2760 veteres,
599 2674 662 2746 sed
703 2697 776 2746 non
819 2674 1055 2759 describunt3
1102 2672 1391 2770 scripturamque

190 2807 322 2880 Atticm
343 2805 400 2879 vel
419 2805 558 2879 Ionicae
580 2829 712 2877 nomen
731 2827 806 2902 pne
829 2804 1063 2878 referentem
1087 2807 1124 2878 in
1144 2804 1390 2877 vetustis-mo—

188 2934 372 3007 numentis
407 2935 612 3006 extantibus
650 2937 818 3007 ostendet
848 2958 968 3006 nemo.
1025 2932 1161 3006 Mirum
1197 2943 1391 3027 propterea

188 3089 261 3138 non
280 3075 348 3151 est,
373 3063 557 3160 principes
582 3065 620 3136 in
644 3066 714 3137 hoc
731 3087 869 3163 genere
889 3041 1074 3136 literarum
1099 3062 1196 3136 viros
1215 3071 1390 3158 perpetuo

187 3193 224 3268 in
249 3197 304 3268 his
335 3195 518 3277 dissidere,
545 3195 772 3293 Scaligerum
799 3207 836 3268 et
862 3195 1092 3282 Salmasium,
1120 3193 1183 3290 qui
1210 3193 1388 3288 tripodum

186 3325 233 3396 ab
255 3323 445 3397 Herodoto
470 3339 748 3398 memoratorum
774 3328 988 3424 scripturam
1017 3327 1157 3426 fingere
1182 3349 1255 3398 non
1283 3325 1388 3398 dubi·

187 3467 380 3546 teruntur
398 3457 426 3528 si
445 3457 628 3546 vidissent,
645 3470 682 3530 et
698 3460 744 3531 ob
764 3445 892 3532 oculos
905 3483 1042 3557 ponere
1052 3489 1061 3546 ;
1090 3459 1243 3533 affirmat
1260 3481 1389 3534 recens

189 3591 344 3676 Auctor,
377 3587 503 3661 Attico
527 3590 665 3683 potius,
699 3613 807 3688 priam
840 3587 1002 3662 Cadmeo
1036 3590 1267 3664 exhibuisse:
1300 3591 1388 3663 mihi

188 3721 337 3818 quidem
370 3731 442 3792 tam
480 3721 550 3794 hoc
582 3723 759 3795 incertum
795 3730 862 3810 est,
900 3743 1007 3817 quam
1045 3723 1140 3795 illud.
1195 3721 1267 3812 Qui
1301 3745 1388 3796 vero

190 3863 333 3926 aemtem
367 3873 515 3949 quoque
551 3854 678 3925 horum
712 3852 983 3949 alphabetorum
1011 3853 1164 3927 delinire
1195 3854 1389 3927 voluerunt

189 3985 410 4058 inconcinna
445 4007 590 4080 prorsus
628 3994 669 4056 et
699 3985 836 4058 absone
875 3984 1122 4059 tradiderunt:
1168 3986 1255 4084 quid
1288 3987 1385 4061 euim

190 4117 306 4213 potuit
339 4119 472 4190 nedum
496 4142 519 4189 a
547 4116 712 4200 veritate,
739 4117 802 4188 sed
828 4116 875 4188 ab
902 4118 1116 4190 auctoritate
1144 4117 1243 4192 omni
1270 4119 1386 4217 magis

189 4249 360 4336 alienum,
392 4272 500 4346 quam
528 4247 652 4321 Ionica
678 4248 858 4322 elementa
886 4247 980 4320 mille
1003 4261 1040 4322 et
1063 4249 1273 4347 quingentis
1300 4260 1385 4324 onte

190 4381 375 4457 Christum
418 4380 535 4468 annis,
583 4379 704 4454 Attica
747 4378 956 4478 quingentis
996 4375 1216 4474 lncoepisse?
1277 4379 1384 4468 Quod
