3204 5104
164 421 285 490 lusca.
314 419 357 500 1.]
757 421 775 485 i

161 596 286 669 Statua
313 619 406 693 ergo
432 603 495 666 aut
520 593 567 666 ab
592 592 669 688 ipso
699 604 809 665 anta
833 591 1101 690 magistratibus
1129 591 1249 689 Sigeis
1274 604 1355 686 post

163 730 236 826 ejus
263 741 435 804 mortem
482 728 638 801 excitata
668 740 754 800 ·est.
820 729 878 800 nb
923 729 977 800 his
1001 730 1160 801 diuersa
1185 730 1357 802 omnino
1450 777 1452 781 ψ

164 861 530 956 Bentleioplacuere,
558 861 618 957 qui
647 860 682 931 in
718 859 877 954 epistolis
907 883 930 930 a
960 861 1092 935 Carolo
1127 863 1275 960 Bumey
1309 861 1358 955 τῷ

162 1007 328 1096 μακαρίτῃ
366 979 478 1077 editis,
523 993 683 1096 miranda
728 988 893 1088 quasdam
935 983 1115 1090 dogmata
1147 993 1192 1065 de
1233 1005 1356 1066 nostro

163 1121 278 1216 lapide
295 1121 549 1217 promulgavit.
604 1120 677 1192 Sed
695 1119 923 1205 festinanter,
952 1132 989 1192 et
1010 1123 1124 1217 (quod
1146 1121 1223 1216 ipse
1243 1123 1357 1194 fassus

162 1252 229 1343 ost)
249 1251 444 1324 Chislrullii
458 1251 547 1324 libro
566 1251 623 1322 vix
647 1250 819 1345 perlecto,
846 1249 969 1321 omnia
987 1249 1086 1322 dixit.
1141 1250 1354 1324 “Primum¹

166 1379 310 1474 negavit
333 1379 443 1476 hujus
477 1377 704 1475 Epigraphes
739 1378 1017 1470 orationemad
1050 1377 1251 1452 Phanodici
1285 1394 1358 1454 stn-

166 1515 258 1580 tuam
289 1508 470 1603 respicere
503 1531 624 1603 posse;
667 1507 755 1579 nihil
790 1509 935 1604 proprie
967 1511 1245 1586 necessitudinis
1279 1539 1357 1588 esse

164 1637 285 1708 statuis
315 1661 399 1710 cum
437 1637 618 1734 Prytanaei
656 1636 741 1722 line,
782 1634 920 1733 unique
960 1648 1087 1712 statuae
1120 1643 1356 1718 conficiendae

165 1766 281 1862 plures
337 1792 411 1840 uno
460 1769 631 1841 statuario
682 1766 848 1839 adhiberi
897 1768 999 1840 valde
1035 1770 1205 1844 'insolens
1245 1774 1357 1847 videri

166 1898 299 1987 dicens,
326 1909 613 1995 praetermorem
642 1899 701 1971 hic
730 1898 835 1970 simul
860 1899 1035 1994 AEsopum
1060 1912 1097 1973 et
1126 1900 1204 2000 ejus
1230 1905 1375 1978 fratros

167 2027 343 2100 nominari
367 2026 596 2124 significans;
626 2027 735 2099 immo
765 2049 852 2099 vero
880 2027 948 2099 tria
983 2051 1005 2096 a
1035 2025 1247 2104 Phanodico
1277 2059 1360 2106 vasa
1473 2123 1474 2126 Ἴ

167 2157 203 2228 ill
233 2180 336 2231 usum
360 2156 544 2256 Prytanael
573 2182 623 2231 sc.
652 2166 815 2256 κρατῆρα,
843 2159 1043 2238 ἑπῖστατον,
1072 2168 1109 2230 el
1137 2159 1237 2245 ἡθμόν
1263 2166 1360 2236 dono

168 2309 246 2358 esse
280 2286 363 2359 data
408 2289 583 2387 conjecit
621 2311 774 2384 quorum
825 2288 1048 2384 singulorum
1085 2288 1246 2386 singulos
1281 2318 1360 2370 esse

167 2419 324 2514 potuisse
349 2419 505 2492 artifices
535 2417 707 2494 credibile
736 2429 809 2505 est3
844 2419 984 2490 titulum
1010 2443 1093 2492 vero
1129 2420 1227 2494 illum
1256 2425 1360 2501 initio

168 2548 230 2619 nni
258 2549 408 2623 alterive
439 2550 566 2622 horum
598 2550 825 2645 inscriptum,
852 2560 1068 2648 argumento
1100 2584 1208 2645 καγω,
1236 2565 1361 2650 postea

169 2684 286 2748 autern
326 2678 372 2748 ad
410 2678 511 2748 huuc
555 2676 709 2772 lapidem
749 2675 957 2748 translatum
998 2678 1122 2767 luisse,
1159 2683 1361 2777 suspicatur

170 2807 242 2882 sive
284 2818 325 2881 ut
363 2809 509 2882 donatio
547 2805 742 2884 illa'extra
780 2801 1211 2905 Prytanaeum‘omnibus
1259 2815 1361 2885 inno-

171 2947 322 3011 tesceret
354 2938 428 3010 siue
464 2961 511 3009 ne
551 2937 734 3011 donatoris
769 2935 968 3010 Phanodici
1014 2937 1262 3010 munificentia
1298 2939 1361 3012 ali-

171 3072 316 3170 quaudo
333 3068 389 3142 vel
406 3092 596 3142 munerum
611 3067 769 3164 ipsorum
782 3064 997 3162 corruptett,
1010 3065 1066 3138 vel
1078 3065 1361 3164 redintegrandi

170 3199 329 3272 novitate
361 3196 649 3293 antiquaretur.”
715 3195 799 3268 Nec
834 3195 951 3268 statut
990 3195 1140 3293 dignum
1183 3197 1360 3272 tantillum

169 3357 298 3406 munus
330 3332 398 3404 trin
430 3355 481 3404 sc.
513 3331 644 3427 pocula
678 3353 809 3426 cuprea
845 3330 1032 3404 Bentleius
1063 3341 1184 3427 putat;
1221 3358 1302 3422 nec,
1331 3318 1360 3408 si
1457 3417 1465 3432 Ι

170 3463 272 3536 aliter
297 3461 401 3560 Sigei
420 3461 659 3559 judicassent,
687 3460 904 3555 sculptorem
935 3459 972 3532 in
1000 3483 1108 3554 parvo
1136 3459 1361 3558 ignobilique

170 3595 300 3692 oppido
326 3593 370 3698 ed
395 3603 502 3666 aetate
527 3593 681 3666 inveniri
705 3615 813 3688 posse
840 3590 964 3664 credit.

244 3723 453 3798 Bentleium
505 3724 541 3796 in
591 3723 787 3820 Prytanaeo
829 3721 911 3792 loco
958 3719 1049 3792 cibis
1087 3729 1197 3814 atque
1247 3725 1362 3817 epulis

172 3855 353 3930 destinato
381 3863 517 3926 statuas
554 3851 721 3925 collocari
754 3875 859 3947 posse
893 3861 1088 3948 negantem
1119 3851 1246 3926 salsum
1285 3879 1362 3928 esse

172 4031 215 4090 ct.
257 4029 407 4104 Hermipp.
440 4028 514 4103 apud
556 4027 660 4084 Athen.
687 4027 740 4085 Xl.
794 4027 831 4083 Et
843 4027 870 4083 in
883 4025 977 4083 tabula
992 4025 1152 4082 Veletriann

174 4147 199 4201 p.
213 4123 280 4184 486.
296 4129 334 4183 A.
391 4124 435 4180 lta
462 4125 489 4179 in
516 4123 642 4197 inscript.
668 4124 741 4196 apud
952 4119 1057 4178 anrlr
1072 4119 1167 4191 δίδοτι,
1183 4123 1236 4181 &c
1291 4165 1293 4169 -

175 4221 330 4280 llootiauc.
346 4220 427 4277 Diar.
441 4219 504 4276 Ital.
520 4239 546 4294 p.
563 4225 630 4283 422.
794 4213 838 4270 Cl.
851 4209 922 4270 inira
938 4211 1028 4270 Closs.
1046 4213 1081 4270 11.
1104 4214 1191 4274 lnscr.
1205 4213 1243 4273 ll.

362 4315 434 4371 θεὸς
447 4337 541 4393 τυχαν

174 4409 742 4491 Αριστοδαμοε...δι’δωτι....Πολυτίμῳ
834 4403 842 4433 ¹
867 4407 944 4463 Saxii
972 4407 1063 4462 verbis
1091 4415 1162 4462 utor.
1216 4407 1260 4463 Cl.
1290 4413 1363 4464 Acin

181 4551 204 4566 ..
220 4509 315 4567 ..olna
332 4509 387 4580 (τι)
408 4503 511 4584 πάσχῃ
529 4507 582 4561 τάν
603 4506 665 4577 γᾶν,
689 4503 742 4558 dre.
796 4502 860 4556 Soc.
883 4499 960 4573 Traj.
982 4499 1113 4556 Tom.ll.
1136 4517 1164 4571 p.
1179 4503 1208 4558 3.
