3188 5102
185 401 312 471 Issen.
337 401 403 482 11.]
745 406 817 486 277

434 579 713 681 χοντος1,ὅδοξε
738 591 781 657 τῦ
806 581 888 669 δόρυ
913 587 989 686 Ἐ(ρ

434 724 595 814 χομενῖων
616 713 782 812 Άγέδεκον
809 727 866 792 Δα

436 856 544 950 φῖταο
567 849 733 925 Ἠολεῖο2
758 852 818 924 o'rr'
844 851 990 946 Ἀλεξαν

437 979 542 1078 (ipsias
569 985 754 1082 πρόξενον8
779 991 867 1071 εἶμεν
894 983 932 1080 (κ

435 1117 456 1202 ἤ
482 1115 697 1216 εὐεργέταν*
722 1125 784 1195 τᾶς
809 1121 927 1194 πόλιος
951 1116 1013 1216 Ἑρ

434 1252 603 1343 χομενῖων,
630 1249 671 1332 ini
698 1244 799 1322 αὖτον
825 1249 865 1335 εὴ
890 1249 924 1326 ἐς

434 1376 576 1470 ww,
603 1379 645 1463 κεὶ
665 1385 755 1462 εἶμεν
779 1377 866 1453 οὖτυ
891 1387 957 1474 ’γᾶς

421 1583 455 1642 L.
466 1581 495 1646 6.
518 1585 552 1642 ln
567 1585 662 1643 [sotii
676 1588 840 1664 apographo
853 1549 991 1646 scribitur·
998 1589 1159 1688 προξενιον.

226 1775 359 1837 ιἈλεύο
372 1778 529 1861 ἅρχοντοε.
560 1779 605 1837 De
616 1781 670 1838 hac
684 1782 760 1858 geni·
849 1779 1062 1862 4Ἐυεργίτην.
1107 1781 1219 1842 Titulus
1233 1792 1294 1842 erat
1307 1783 1396 1842 hono·

187 1875 238 1932 tivi
251 1875 343 1934 forma
356 1875 430 1932 haud
444 1894 514 1950 opus
527 1885 570 1932 est
584 1887 614 1934 ut
627 1897 759 1935 moneam
811 1875 905 1934 titicus
932 1897 1032 1936 eorum
1059 1879 1106 1954 qui
1135 1880 1169 1937 ds
1201 1877 1296 1956 aliquo
1324 1880 1394 1940 bene

186 1967 313 2028 lectores.
354 1969 531 2025 Archontem
552 1987 665 2027 summo
688 1971 761 2044 apud
812 1973 902 2030 meriti
917 1985 1008 2044 erant,
1029 1993 1113 2050 quem
1132 1975 1261 2035 civitates
1278 1977 1391 2035 Graecae

189 2063 395 2121 Orchomenios
437 2064 615 2139 magistratui
656 2066 763 2121 nomini
812 2065 931 2140 privatis
963 2065 1109 2140 impertire
1150 2065 1288 2125 solebant.
1345 2066 1393 2124 Cf.

187 2176 247 2215 esse
268 2177 286 2216 a
303 2158 476 2232 praecedonte
496 2157 676 2232 inscriptione
692 2157 763 2214 didi·
815 2156 902 2214 Wott.
919 2159 955 2214 sd
971 2159 1123 2216 Demosth.
1136 2178 1162 2217 c.
1180 2159 1261 2234 Lopt.
1277 2181 1305 2236 p.
1321 2167 1393 2220 282.

188 2251 291 2308 cimus.
514 2327 516 2332 Ι
814 2251 908 2309 Sturz.
924 2251 994 2308 Lex.
1010 2251 1143 2327 Xenoph.
1161 2253 1188 2308 in
1204 2273 1274 2311 voce
1297 2255 1393 2316 Fisch.

228 2349 241 2380 ¹
261 2344 371 2402 Ηολεΐα
384 2363 436 2420 pro
447 2344 576 2402 'Ananim
612 2345 641 2401 H
655 2363 697 2404 sc.
713 2364 766 2420 pro
814 2347 849 2403 nd
860 2347 933 2406 Pist.
945 2347 1030 2422 Apol.
1042 2347 1121 2406 Soet.
1132 2346 1183 2419 26,
1197 2356 1244 2409 12.
1260 2351 1394 2427 Xenoph.

189 2443 225 2499 A.
240 2440 360 2516 ponitur,
375 2440 447 2497 utin
461 2439 634 2516 praecedente
647 2441 764 2516 inscrip-
814 2442 894 2502 Hell.
926 2451 951 2515 l,
983 2453 1010 2515 l,
1041 2451 1087 2510 17.
1109 2443 1255 2522 εὐεργεσία
1283 2471 1317 2505 τε
1347 2447 1392 2506 καὶ

188 2537 262 2596 tione
276 2529 408 2597 vidimus.
813 2541 947 2598 πολιτεία
962 2540 1164 2620 Συρακουσίοις
1183 2538 1211 2597 ἕν
1225 2541 1390 2622 Ἀντάνδρῳ

228 2629 406 2710 ’Πρόξενοι.
449 2631 618 2688 “Homines
631 2633 671 2690 its
688 2631 763 2689 dice·
811 2634 886 2695 ἐστί.
911 2652 995 2710 quern
1015 2633 1108 2691 locum
1122 2631 1196 2692 male
1210 2636 1295 2694 vertit
1312 2637 1393 2696 Stur-

189 2731 290 2786 bonurn
304 2729 415 2805 privati,
436 2731 536 2808 quibus
549 2729 577 2787 in
592 2730 684 2804 patria
697 2731 762 2787 urbe
813 2732 880 2787 zius.
923 2727 965 2786 ld.
992 2727 1059 2788 ibid.
1086 2727 1117 2800 6,
1147 2737 1173 2794 1,
1200 2737 1231 2791 4.
1253 2729 1392 2813 πρόξενος

189 2821 349 2896 degentibus
375 2824 561 2881 honorificum
584 2825 698 2898 hospitii
714 2825 762 2898 jus
813 2819 943 2894 ὖμόνκαὶ
959 2821 1118 2901 εὐεργέτης.
1161 2823 1216 2880 Sed
1233 2825 1309 2883 idem
1329 2845 1391 2884 mos

188 2938 253 2976 curn
273 2916 331 2974 alis
353 2917 466 2975 civitate
489 2917 695 2982 intercedebot;
717 2916 762 2972 his
812 2919 885 2992 apud
910 2919 1011 2974 Persas
1034 2938 1145 2995 quoquo
1163 2919 1253 2978 valuit
1275 2924 1321 2979 ubi
1343 2942 1393 2982 no-

188 3015 216 3073 id
236 3011 358 3071 muneris
377 3022 437 3068 erat
450 3012 590 3086 praecipue
608 3011 763 3086 injunctum
816 3029 878 3066 rnen
894 3007 1049 3089 εὐεργέτου
1064 3013 1092 3068 in
1111 3010 1188 3069 libris
1203 3014 1286 3090 regiis
1304 3015 1393 3092 scrip·

188 3119 220 3166 ot
237 3105 335 3164 sedulo
357 3105 546 3180 prospicerent
565 3123 600 3159 ne
616 3103 682 3180 quid
697 3103 765 3178 pub-
815 3113 875 3160 turn
897 3101 1109 3185 (ἀνάγραπτον)
1127 3109 1302 3165 servabatur.
1344 3107 1392 3166 cf.

188 3203 244 3259 lion
255 3199 336 3259 istius
353 3199 476 3258 civitatis
490 3218 533 3258 res
553 3199 692 3258 scivibus
707 3197 764 3256 suis
815 3197 945 3274 Thucyd.
960 3197 984 3255 1.
1002 3205 1069 3266 129.
1084 3200 1163 3258 stibi
1179 3201 1306 3259 Gottleb.

188 3305 300 3372 caperet
337 3294 514 3363 detrimenti3
544 3294 650 3371 legatos
687 3291 764 3352 illinc
855 3291 1012 3366 ἐ’σγόνωε.
1034 3295 1132 3352 Tacito
1142 3297 1284 3373 corrigunt
1299 3297 1393 3356 Bork-

189 3392 331 3449 venientes
368 3389 490 3466 hospitio
526 3390 695 3466 exciperent,
727 3388 778 3472 nd·
813 3388 877 3447 hius
891 3397 919 3446 et
932 3387 1055 3446 Leukius
1069 3389 1210 3462 ἑκγόνουε.
1251 3393 1392 3468 Sphalr'nn

188 3486 322 3560 populum
331 3485 507 3558 deducerent,
519 3499 602 3562 atque
613 3495 643 3542 ut
651 3484 763 3543 iisbene
813 3483 1049 3562 typographirum
1071 3502 1134 3542 esse
1157 3485 1247 3543 eredit
1276 3487 1391 3544 Boisso-

189 3590 272 3651 esset,
291 3580 500 3655 procurarent.’'
525 3579 710 3638 Valckenaer.
727 3577 762 3635 ad
813 3579 922 3636 nsdius.
945 3577 1021 3654 Eph.
1048 3577 1140 3636 Closs.
1163 3586 1391 3656 xv11.p.382.

189 3678 328 3734 Ammon.
355 3677 417 3736 Lib.
443 3677 497 3737 111.
523 3697 549 3737 c.
576 3696 608 3736 x.
636 3696 664 3751 p.
693 3681 763 3734 201.
814 3673 869 3730 Sed
894 3671 1048 3730 :rotandum
1074 3673 1185 3730 videtur
1210 3675 1295 3731 ambo
1323 3693 1390 3749 apo-

190 3772 237 3842 Cf.
260 3791 368 3850 quoque
394 3773 514 3831 eundem
537 3784 565 3832 et
590 3773 763 3832 [nocherum
813 3769 922 3845 grapho
939 3767 1060 3825 eandem
1078 3767 1211 3826 exhibere
1231 3768 1392 3839 lectionem,

189 3867 225 3923 ad
240 3865 347 3924 Herod.
361 3865 418 3926 vt.
429 3871 479 3925 58.
515 3865 657 3925 Koen.sd
674 3867 763 3940 Greg.
812 3865 1087 3922 eteandemvocem
1107 3883 1252 3924 occurrere
1272 3866 1346 3924 infra
1359 3867 1393 3924 in

189 3963 224 4020 de
245 3963 311 4022 dial.
334 3963 393 4023 lon.
417 3967 440 4034 5.
467 3961 535 4023 162.
557 3967 596 4038 (p.
622 3969 693 4023 553.
719 3963 763 4022 ed.
813 3963 896 4020 inser.
908 3961 1016 4038 Oropia
1029 3961 1058 4019 in
1069 3963 1237 4038 apographis
1248 3973 1278 4022 et
1292 3963 1393 4022 [satit

190 4057 306 4134 Schaes.)
327 4067 429 4134 praetor
450 4067 577 4116 auctores
592 4077 661 4134 qnos
681 4059 764 4115 advo·
814 4067 842 4116 et
854 4059 977 4133 Tuppsri
992 4057 1020 4114 in
1035 4059 1142 4118 duobus
1157 4059 1234 4132 iocis,
1255 4072 1284 4120 ot
1303 4061 1331 4118 in
1348 4061 1391 4118 in·

189 4154 253 4212 cavi
272 4155 309 4213 od
330 4175 359 4232 p.
373 4161 423 4223 90.
812 4154 960 4232 scriptione
970 4172 1078 4232 quoque
1091 4153 1264 4232 Tanngraes.
