3204 5104
766 386 814 462 ⁵6
1183 397 1329 483 [Curso.
1355 401 1401 470 ΙΙ.

207 579 374 654 Bentleio
397 591 466 654 stat
488 580 624 653 amicus
649 603 750 652 meus
774 579 1016 668 doctissimus,
1043 579 1231 680 Augustus
1255 580 1397 671 Biiclrh,

205 715 307 813 cujus
330 736 461 787 nornen
486 712 585 786 nullo
609 737 689 786 meo
713 713 897 811 proeconio
918 722 1013 810 eget.
1067 710 1161 802 Quae
1185 725 1398 812 sequuntur,

205 867 251 917 ex
270 845 349 942 ejus
363 843 475 916 literis
492 845 539 916 ad
556 867 612 917 me
631 866 746 940 nuper
763 841 854 915 datis
872 842 1048 914 exscribo.
1102 843 1233 916 “Mihi
1251 869 1399 942 prorsus

205 981 346 1043 constat
362 995 502 1044 versum
521 995 601 1045 esse
618 972 810 1045 senarium.
863 971 1011 1050 Viribus
1029 992 1115 1043 sune
1133 980 1171 1044 et
1191 984 1268 1046 arte
1286 987 1397 1065 curet,

204 1100 267 1171 scd
298 1093 484 1173 confectus
519 1111 572 1174 est
597 1101 647 1173 ¹ud
681 1124 761 1174 eam
796 1124 956 1173 normam
993 1126 1103 1198 quum
1139 1096 1323 1177 Porsonus
1359 1107 1397 1180 in

203 1226 313 1304 Praef.
341 1233 387 1306 ud
417 1231 513 1306 Hec.
537 1232 715 1331 exposuit,
742 1233 846 1332 cujus
871 1233 1159 1330 exemplum-est
1187 1235 1399 1334 Aristopho-

202 1383 309 1434 neum
331 1361 417 1434 illud

402 1497 575 1588 Φιλοξενος
598 1491 603 1591 Ι
628 1501 800 1582 Μελησιαε
823 1493 989 1594 {Ausinius
1009 1525 1019 1584 ;

203 1623 288 1699 Nisi
321 1625 456 1698 dixeris
483 1647 656 1698 caesumm
674 1649 754 1699 esse
771 1640 853 1723 post

349 1753 476 1827 ταὺτοῦ
496 1759 591 1827 λίθου
612 1751 618 1851 Ι
641 1745 702 1840 εἴμ’
720 1753 846 1853 ανδριᾶς
869 1756 874 1858 Ι
898 1764 951 1833 καὶ
973 1761 1016 1832 τό
1040 1763 1173 1863 σφέλας
1198 1776 1258 1839 &c.

202 1884 286 1976 Qua
319 1885 459 1959 ratione
494 1887 678 1960 Porsonus
718 1889 756 1961 in
799 1891 920 1965 multis
952 1893 1196 1993 'I’mgicorum
1235 1904 1399 1978 versibus

201 2016 330 2092 merito
359 2043 447 2093 usus
477 2033 541 2095 est.
588 2022 752 2096 Alterum
783 2024 922 2124 inquo
952 2027 1012 2100 hic
1039 2051 1164 2104 versus
1189 2033 1237 2106 ub
1268 2036 1401 2110 usitato

200 2153 326 2252 reguis
357 2154 521 2244 discedit,
550 2156 667 2230 hiatus
698 2158 816 2232 estin
847 2185 936 2234 voce
961 2167 1067 2252 λίθου,
1093 2165 1241 2240 sedhic
1265 2169 1397 2261 hiatus,

199 2297 241 2359 ut
269 2311 292 2357 a
315 2286 468 2360 scenicis
489 2287 608 2383 poetis
625 2289 814 2378 devitetur,
843 2291 879 2362 in
899 2291 1090 2366 trochaicis
1108 2304 1227 2370 tamen
1257 2310 1295 2372 et
1312 2301 1400 2375 iam·
1490 2307 1500 2320 ‘

199 2417 290 2490 bicis
316 2418 476 2492 numeris
509 2443 583 2492 non
612 2422 803 2520 devitatur,
829 2449 852 2496 s
876 2424 1011 2523 lyricis,
1038 2441 1089 2500 ut¹
1105 2441 1159 2502 est
1183 2432 1280 2528 apud
1310 2433 1399 2506 Pin·

200 2549 325 2622 darum
353 2545 498 2649 Olymp.
529 2547 640 2622 Xlll.
695 2555 829 2651 Πατρὸς
853 2551 888 2626 δὲ
911 2565 1088 2632 θεσσαλοῦ
1111 2561 1164 2633 ἐπ’
1186 2562 1337 2662 Ἀλφεοῦ
1362 2574 1401 2638 ει

198 2680 284 2758 alibi
305 2681 510 2780 aliquoties.
562 2684 620 2756 Ad
642 2685 777 2784 {osricus
793 2689 911 2786 igitur
931 2694 1040 2789 leges,
1065 2720 1139 2769 non
1160 2698 1212 2771 ad
1235 2701 1400 2775 scenicas

198 2813 259 2886 ille
284 2836 407 2886 versus
432 2815 651 2911 compositus
674 2827 765 2892 est.”
818 2822 890 2896 Sed
918 2823 986 2896 hoc
1013 2837 1067 2899 est
1095 2829 1230 2902 nodum
1262 2854 1397 2920 secare,

62 2927 69 2946 ’
193 2967 271 3018 non
299 2944 448 3019 solvere.

273 3079 366 3151 Cum
390 3077 429 3152 in
456 3079 523 3152 huc
544 3079 778 3178 inscriptione
805 3099 1025 3162 memoretur
1044 3090 1138 3163 basis
1158 3101 1299 3181 statuae,
1327 3117 1397 3185 res,

198 3224 239 3286 ut
256 3211 408 3296 videtur,
427 3225 667 3310 pariuntque
694 3215 877 3316 ignobilis,
904 3224 1102 3296 notandum
1121 3237 1176 3300 est
1197 3227 1397 3325 soepissime

146 3375 150 3384 ⁴
198 3342 316 3440 signa,
346 3338 445 3411 nulls
477 3339 555 3412 basi
587 3341 681 3414 infru
714 3344 842 3442 posita,
877 3351 923 3422 eb
958 3351 1118 3448 antiquis
1152 3356 1272 3429 statui.
1324 3327 1398 3450 Qui

196 3487 318 3551 sutem
336 3475 451 3573 majus
477 3476 721 3550 testimonium
748 3479 893 3576 pietatis
919 3509 1007 3574 suae‚
1036 3487 1232 3588 majoribus
1258 3493 1399 3596 impen-

195 3605 243 3680 sis
261 3603 451 3690 fscicndis,
471 3603 557 3676 dare
574 3605 730 3696 volucre,
749 3621 813 3683 aut
829 3637 875 3686 ex
892 3618 1021 3689 eodem
1046 3645 1222 3697 marmore
1240 3634 1394 3700 statuum

195 3761 239 3808 sc
273 3735 376 3808 basin
418 3733 602 3808 faciendas
634 3749 698 3811 sut
729 3741 854 3815 saltem
885 3744 1001 3836 basin,
1034 3774 1131 3823 nunc
1158 3778 1394 3832 marmoream

196 3885 296 3937 nunc
329 3887 482 3953 aeneam,
518 3865 721 3941 addendam
743 3895 942 3950 sumsere.
1002 3877 1111 3969 Quod
1144 3884 1249 3959 nobis
1286 3890 1398 3964 multu

194 4001 338 4068 vetusta
371 4005 607 4069 monumenta
632 4009 811 4075 testantur
839 4005 951 4080 basim
981 4032 1064 4082 curu
1094 4021 1212 4088 status
1239 4017 1395 4090 dimtsm

194 4125 393 4200 referentia
403 4124 425 4199 ¹.
467 4127 711 4208 Cockerellius
734 4137 861 4212 eodem
889 4140 971 4215 loco
997 4137 1117 4242 (Side)
1147 4147 1313 4248 quinque
1341 4151 1397 4224 in·

89 4332 93 4340 ,
195 4258 408 4355 scriptiones
434 4263 571 4360 reperit
595 4265 633 4340 in
662 4268 796 4366 quibus
821 4274 991 4350 omnibus
1017 4277 1097 4351 hoec
1122 4279 1297 4380 leguntur

235 4457 383 4516 ‘Gruten
401 4458 472 4522 Vll.
490 4469 516 4519 1.
548 4462 603 4522 IX.
619 4471 649 4525 5.
681 4467 721 4530 X.
736 4474 765 4527 2.
818 4470 905 4532 xvi.
932 4480 978 4536 12.
1004 4475 1051 4536 ubi
1078 4495 1130 4553 pro
1156 4495 1223 4537 vase
1245 4475 1393 4556 legendum

193 4553 251 4629 (ubi
267 4553 380 4616 desiset
400 4556 545 4634 hypatus
563 4567 767 4642 memorantur)
818 4567 886 4642 bosi,
915 4569 962 4630 vel
987 4576 1031 4652 (ut
1052 4574 1082 4634 iu
1108 4574 1192 4638 inser.
1228 4579 1302 4656 apud
1326 4594 1395 4636 eun·
