3158 5104
174 414 293 480 lusoir.
321 361 394 488 IV.]
749 403 814 472 6³²

174 609 228 657 me
254 583 397 683 judice,
417 580 641 651 monstravit
677 577 892 651 nominain
927 601 1047 674 asper
1073 591 1367 667 meos-meust

133 713 139 726 ¹
173 706 562 808 denique-rosbech,
579 707 630 778 itu
654 717 694 778 ut
716 707 853 778 nullum
872 707 1150 780 locumhubeot
1175 708 1369 807 Digummu

172 843 209 914 in
238 838 444 938 hujusmodi
473 837 929 940 verborumdexionibus.
983 836 1065 910 Hoc
1094 840 1370 936 quidemquud

174 994 306 1044 nomeu
341 979 401 1044 dn
418 970 567 1053 uttinet,
600 967 684 1039 sutis
705 979 888 1058 testentur
918 968 1050 1040 lautino
1065 1023 1070 1033 .
1083 969 1144 1041 illa
1165 970 1277 1042 Diris
1291 975 1368 1062 ἵζω.
1468 1071 1471 1080 ἱ

175 1105 391 1180 Notandum
412 1115 545 1176 nutem
564 1103 699 1197 plures
736 1127 815 1175 esse
848 1104 980 1176 forinus
1018 1105 1173 1177 nominis
1207 1106 1370 1180 Deorum

174 1233 345 1332 prhicipis
372 1233 660 1328 apud.Graecos‚
692 1229 867 1327 pluraque
893 1231 1171 1326 apudlutinos
1198 1235 1373 1307 vocabule

179 1343 279 1436 satis
294 1373 491 1434 monstrare
517 1361 676 1442 extitisse
698 1360 892 1466 aliquando
917 1360 1125 1459 hujusmodi
1156 1364 1372 1435 nomencui

180 1492 360 1576 flectendo
408 1492 597 1564 interesset
636 1491 850 1588 ‚Digumme
922 1489 1045 1564 Divus
1095 1493 1161 1584 (sc.
1200 1495 1370 1588 muoz)

179 1625 371 1698 manifesto
408 1647 475 1696 vox
492 1634 557 1696 est
587 1621 871 1717 antiquissima¹,
908 1647 991 1694 cum
1020 1607 1066 1695 eb
1097 1647 1141 1696 eu
1161 1623 1373 1698 formentur

107 1735 124 1790 ¹·
180 1756 300 1832 omnia
320 1754 432 1827 verba
457 1778 540 1849 quoe
560 1755 606 1824 ed
631 1753 818 1824 numinum
842 1753 977 1825 cultum
1004 1733 1225 1848 pertineant.
1270 1756 1373 1826 Anti-

180 1887 349 1984 quissima
370 1887 486 1957 forma
503 1885 600 1958 vocis
618 1893 706 1972 Ζευς,
725 1883 902 1982 Knightio
915 1885 1042 1983 judice
1055 1883 1080 1970 ²,
1109 1895 1265 1962 ΔΣΕῈΣ
1285 1897 1372 1972 erat,
1412 1971 1422 1997 ·

180 2041 261 2113 quae
287 2028 415 2112 postea
442 2001 611 2097 emollito,
641 1999 777 2104 ΔΕΡῖ,
810 2015 866 2088 rel
897 2025 1037 2101 ΔΕΥΣ,
1069 2017 1126 2088 vel
1152 2031 1255 2090 DEUS
1279 2017 1375 2090 facta

181 2159 244 2221 est.
309 2145 394 2248 Nec
425 2143 613 2241 prolecto,
657 2145 685 2215 si
727 2147 941 2217 mutationes
983 2145 1019 2216 in
1056 2145 1135 2216 eliis
1170 2145 1318 2218 vocibus
1354 2171 1376 2236 e

181 2268 353 2354 dialectis,
377 2267 435 2341 vel
452 2267 623 2362 temporis
640 2290 760 2352 cursu,
788 2266 844 2339 vel
862 2266 1081 2362 quibuslibet
1096 2269 1214 2340 causis
1230 2268 1377 2341 effectus

184 2412 401 2498 spectemus,
427 2423 558 2497 magna
580 2408 634 2470 est
652 2398 859 2470 transitiou
884 2404 1007 2474 AEFZ
1028 2402 1073 2473 ed
1096 2406 1219 2475 ΔΙΡΣ.
1274 2384 1379 2476 Wal-

181 2529 320 2626 polius³
356 2539 451 2606 ΔΙΕΙ
496 2553 562 2624 pro
598 2539 664 2606 ΔΙΙ
703 2538 743 2604 ut¹
783 2529 818 2599 in
854 2552 943 2602 voce
985 2531 1203 2629 Arearpspn'e
1224 2531 1378 2627 positum

184 2671 299 2756 putet.
353 2661 426 2732 Sed
460 2663 539 2732 haec
574 2659 793 2757 diphthongi
827 2695 855 2732 ει
891 2684 956 2755 pro
991 2661 1143 2757 simplici
1176 2697 1185 2732 ι
1217 2661 1378 2734 inductio

184 2795 328 2867 serioris
354 2795 468 2866 aetutis
494 2805 558 2865 est.

257 2921 297 2993 Si
321 2922 538 3020 conjecturis
562 2921 754 3019 indulgere
777 2923 911 3010 liceret,
937 2924 1110 3018 praeclnre
1134 2923 1380 2995 Blomfieldius

82 3045 86 3054 ’
182 3053 218 3124 in
244 3053 357 3125 literis
384 3051 466 3124 MS.
483 3060 570 3129 ΤΟΙ
597 3063 647 3129 ΔΙ
675 3064 730 3130 εκ
754 3054 949 3152 legendum
971 3065 1094 3149 putet;
1123 3077 1230 3148 quum
1259 3056 1381 3129 lectio-

183 3207 267 3257 nem
285 3206 357 3282 ego
373 3184 535 3280 recipere
554 3185 650 3256 houd
669 3186 886 3270 dubitarem,
906 3184 936 3256 si
954 3185 991 3255 in
1009 3185 1116 3283 galea
1131 3193 1252 3256 nostra
1269 3184 1381 3258 literae

184 3317 348 3390 erunidse
378 3293 509 3390 essent.
565 3318 608 3389 ln
639 3297 874 3390 marmoribus
906 3317 1002 3388 enim
1033 3316 1166 3388 mutilis
1193 3318 1249 3390 rel
1275 3315 1380 3403 tritis,

187 3473 352 3546 persaepe
384 3449 498 3520 literae
537 3458 564 3523 κ
599 3445 687 3519 nihil
728 3447 794 3518 nisi
828 3457 927 3518 rectu
961 3445 1020 3517 illa
1049 3446 1146 3518 linea
1179 3458 1189 3521 Ι
1229 3445 1382 3542 perspici

185 3591 313 3674 potest.
366 3578 439 3651 Sed
465 3577 585 3649 omnin
604 3577 662 3647 hic
686 3575 783 3648 bene
803 3589 945 3648 servata
970 3588 1006 3648 et
1030 3577 1114 3648 satis
1138 3576 1287 3671 liquida.

260 3709 374 3799 Quod-
391 3730 538 3802 scopum
566 3703 812 3799 inscriptionis
836 3706 979 3789 attinet,
1005 3703 1226 3777 Welclrerus
1238 3703 1263 3789 ⁴,
1291 3701 1383 3778 Uni-

230 4008 239 4038 ¹
262 4007 417 4081 Knigbtius
431 4003 553 4080 (Proleg.
566 4021 651 4061 cuir.
664 4023 691 4076 p.
703 4009 764 4075 79.)
816 4001 938 4062 namlem
965 3989 1055 4059 Prius
1068 4000 1136 4060 Gul.
1154 4001 1209 4062 lll.
1237 4003 1273 4058 ab
1297 3999 1386 4076 Alme

190 4108 218 4166 in
244 4107 346 4164 Letinn
371 4104 468 4178 liugub
490 4103 696 4180 antiquissimas
717 4102 766 4158 ad·
819 4098 904 4156 Univ.
934 4098 1046 4154 boruss.
1075 4095 1167 4151 Rben.
1192 4091 1386 4153 celebrandum

186 4204 354 4280 jectivorum
377 4201 482 4260 formas
501 4211 597 4258 extare
615 4209 703 4275 putot.
816 4197 912 4254 indicit
951 4197 983 4254 F.
1007 4195 1042 4253 T.
1069 4193 1224 4262 Welcker,”
1257 4193 1386 4266 (Romrae.

227 4299 238 4329 ¹
261 4297 315 4354 Ubi
329 4315 421 4370 supra.
701 4301 704 4318 ¹
817 4297 917 4364 1822.)
938 4297 965 4346 et
989 4289 1017 4346 in
1047 4307 1101 4365 quo
1125 4286 1272 4344 exhibetur
1294 4285 1388 4358 “Epi-

230 4399 241 4430 ⁵
261 4397 380 4472 Walpol.
394 4398 480 4454 Tom.
496 4394 536 4452 ll.
559 4414 587 4467 p.
600 4391 671 4454 358,
816 4391 1007 4462 muniminum
1024 4381 1189 4440 Graecorum
1207 4376 1387 4453 spicilegium

229 4487 291 4548 ‘ln
327 4491 397 4550 libro
437 4490 482 4548 cui
518 4486 613 4547 titulus
648 4497 666 4525 ‘⁴
678 4484 763 4546 Diem
815 4479 962 4542 alterum.''
1012 4477 1074 4536 Hoc
1107 4494 1187 4551 opus,
1220 4474 1287 4530 dum
1314 4472 1387 4529 benc
