3218 5116
172 347 294 413 lusca.
317 341 429 422 VIII.]
497 420 510 442 Ι
555 292 558 298 ¹
741 341 808 404 185

244 516 294 611 (1)
335 513 478 623 *Simnm
492 510 720 612 angularem,
738 510 886 608 longam
902 533 957 586 vu
969 511 1067 608 ped,
1083 509 1193 586 latam
1208 533 1250 586 ιν
1268 511 1360 607 ped.

171 671 321 722 crassam
342 646 497 743 sesqui'p.

241 778 388 852 Imbrex
418 801 640 851 marmoreus
672 777 770 850 baud
798 799 865 848 sno
887 775 963 848 loco
990 776 1129 872 positus
1157 801 1239 851 cum
1263 775 1362 850 simis

167 917 180 960 ‘¹
205 917 342 1018 fastigii
366 917 546 1015 quadrans
571 917 646 1012 (oei
668 916 775 989 simas
801 913 938 1012 fastigii
962 911 1209 1008 continuans),
1230 914 1362 1012 longus

168 1077 190 1124 x
205 1052 301 1148 ped,
329 1049 423 1124 altus
442 1046 600 1144 sesquip.
621 1043 841 1143 (celsos-san
858 1043 1033 1121 imbrices
1053 1070 1272 1123 marmoreos
1290 1045 1360 1121 dcc.

168 1208 245 1258 cum
264 1186 364 1259 simis
382 1182 614 1280 quadrantes,
636 1179 766 1277 longos
786 1177 871 1274 dcc.)

237 1319 563 1413 “Antepagmenta
580 1312 742 1385 nondum
762 1309 866 1384 affixa
886 1335 970 1408 quae
992 1309 1178 1409 pertinent
1192 1310 1239 1382 ad
1263 1311 1361 1407 capi·

163 1445 243 1520 tella
268 1447 429 1544 parietis,
454 1446 567 1544 longa
592 1469 619 1518 x
644 1444 726 1541 ped.
751 1443 821 1517 alta
848 1443 1032 1540 sesquip.''
1083 1441 1253 1536 Mulier]

236 1584 286 1659 ΙΙ.
332 1568 528 1680 “Lapidis
547 1581 723 1681 Epistylia
744 1579 1095 1656 continuantesaivc
1119 1581 1359 1678 proferentes,

161 1783 341 1857 suggrundia.
382 1781 569 1858 Operruiorioe
584 1791 678 1840 autem
693 1789 734 1838 te·
783 1791 844 1841 tum
854 1779 1151 1860 (dvvtpopov)etinsra
1161 1789 1278 1858 utraque
1289 1781 1360 1856 posi·

161 1873 232 1950 gulae
245 1896 331 1952 supra
349 1895 500 1954 compages
514 1876 648 1934 finitimas
666 1893 734 1934 con·
783 1882 912 1934 tumessc
925 1885 1029 1934 censet.
1051 1876 1263 1936 Miilierusbaec
1274 1877 1360 1936 habet

159 1971 307 2032 tinentium
326 1971 485 2047 tegularum
502 1977 533 2046 (a
549 1972 615 2028 tecti
629 1970 734 2028 vertice
784 1971 967 2042 “pmdaooe
997 1973 1099 2033 nidove.
1151 1973 1223 2030 Puto
1254 1973 1357 2047 duplex

159 2084 245 2142 usque
268 2068 305 2124 ad
333 2066 516 2140 suggrundia)
543 2066 733 2137 ponebantur;
784 2061 942 2136 cymatium
962 2078 1028 2117 cum
1051 2062 1192 2138 astragalo
1210 2073 1239 2122 et
1258 2067 1357 2125 ceteris

156 2163 289 2238 ejusdem
308 2160 489 2232 longitudinis
506 2167 585 2214 erant
598 2177 630 2214 ac
649 2156 736 2230 quad·
784 2155 965 2222 ornamentis,
985 2170 1048 2226 quae
1066 2155 1182 2210 seorsim
1204 2157 1359 2232 sculpendo

157 2263 240 2322 ratae,
271 2250 425 2308 admodum
465 2260 560 2308 autem
598 2259 732 2322 angustae.
784 2241 944 2317 atcapitsili
961 2243 1074 2317 parietis
1091 2246 1257 2320 projecturae
1272 2269 1358 2324 appo-

158 2343 290 2422 Cylindri
304 2353 394 2416 eraut,
408 2345 449 2403 ait
463 2344 638 2418 Wilkinsius‚
652 2344 736 2403 semi-
785 2339 875 2396 nenda
895 2347 984 2399 erant.
1036 2337 1134 2394 Adhuc
1156 2347 1248 2397 nutem
1267 2361 1358 2416 quaero

157 2439 369 2516 hexagonales;
390 2449 506 2498 externa
523 2441 733 2513 antemium,
783 2434 858 2510 quod
890 2434 959 2492 donc
994 2433 1159 2491 sententiam
1193 2437 1361 2511 corfirmet.’'

158 2534 267 2608 prisma
299 2533 570 2610 semi-hexagouale.
616 2521 735 2594 Imbrex¹
785 2529 1357 2614 Quemsensumvocidmbopoatribuat,

158 2645 194 2684 ex
207 2629 310 2706 argilla
318 2629 436 2688 iactura
450 2631 560 2689 Graecis
572 2642 733 2705 στογγυλο.
782 2623 867 2684 nullis
881 2624 1029 2701 exemplis,
1042 2635 1179 2703 quantum
1192 2643 1243 2702 ego
1257 2628 1356 2702 sciam,

158 2721 228 2792 ειδῆς
245 2723 292 2782 val
305 2723 504 2796 γογγνλοειδῆε
522 2721 640 2804 κέραμος
656 2725 731 2784 dice·
781 2721 878 2792 frctus,
905 2740 921 2778 e
944 2721 1074 2780 versione
1095 2721 1211 2797 patebit.
1266 2723 1356 2785 Locus

159 2818 257 2889 batur3
289 2821 312 2878 si
346 2840 361 2877 a
395 2839 537 2879 marmore
569 2823 732 2891 efficeretur,
781 2833 849 2874 sane
875 2816 1034 2890 peritiorem
1067 2837 1184 2876 manum
1214 2829 1354 2896 expectat.
1445 2829 1449 2834 '

159 2915 347 2973 incenatum
366 2933 416 2988 pro
430 2917 549 2991 κέραμος
565 2916 629 2986 poni
644 2914 731 2971 solere
782 2911 844 2984 Ego
862 2918 937 2966 certe
954 2915 1148 2971 accusativum
1165 2915 1286 2975 sormam
1307 2938 1355 2993 per

160 3008 310 3068 verisimile
323 3017 376 3064 est.
409 3007 517 3063 Vocem
529 3003 681 3084 dntpopos
690 3006 732 3061 ita
781 3002 877 3060 omnia
902 3019 1015 3064 servare
1044 3007 1171 3080 mallem,
1206 3013 1289 3084 modo
1315 3013 1354 3086 id,

158 3105 280 3180 explicat
292 3102 457 3160 Wilkinsius
471 3101 500 3159 in
515 3102 587 3160 notis
602 3100 730 3176 Anglicis
780 3098 868 3157 salvis
884 3100 1094 3162 Grammaticos
1112 3107 1272 3182 rationibus,
1294 3107 1356 3168 fieri

158 3209 187 3258 ut
206 3199 380 3258 continuatio
398 3199 527 3275 quasdam
549 3206 598 3255 aut
612 3217 731 3275 congru·
780 3197 877 3273 possit.
918 3197 1023 3256 Forsan
1049 3197 1185 3263 bendanus
1212 3216 1355 3266 contracte

157 3297 231 3352 entia
245 3295 385 3353 innuatur.
422 3293 729 3376 'Avrrbopovscillud
777 3315 828 3372 pro
850 3294 1004 3354 texandriae
1024 3299 1163 3360 scribitur.
1204 3302 1353 3365 ssondaeove

158 3389 268 3462 dicitur,
281 3389 429 3447 Wiikinsio
442 3399 564 3460 auctore,
578 3392 650 3468 quod
663 3409 728 3450 eam
777 3389 851 3466 apud
875 3389 996 3464 Aristot.
1020 3392 1096 3454 Hist.
1121 3397 1219 3458 Anim.
1242 3399 1297 3460 IV.
1322 3409 1351 3461 8.

158 3491 265 3556 partem
274 3483 384 3542 aedificii
395 3503 515 3562 quacum
526 3486 586 3543 baec
599 3506 654 3543 vox
664 3506 730 3544 cou-
776 3486 907 3557 occurrit,
929 3493 958 3544 et
977 3487 1070 3546 forma
1082 3501 1226 3550 contracta
1239 3493 1267 3550 in
1280 3495 1353 3571 sing.

154 3579 738 3658 jungiturproducitautcumeaquadrat.
777 3601 855 3642 num.
877 3601 1003 3659 persaepe
1024 3585 1133 3662 legitur.
1175 3589 1248 3648 Haec
1270 3591 1351 3650 flexio

160 3669 228 3733 Haec
249 3676 307 3746 ille,
329 3677 421 3733 nescio
442 3695 477 3734 an
499 3687 573 3736 recte
597 3675 726 3754 quamvis
777 3677 882 3736 Atticis
910 3679 946 3736 ab
977 3681 1126 3741 Eustatbio
1158 3687 1195 3743 ad
1230 3687 1287 3745 od.
1315 3687 1350 3748 E.

160 3783 238 3830 voces
252 3769 390 3844 γόγγυλος
407 3774 599 3855 etdvaerbopoe
616 3776 726 3851 exejus
777 3793 805 3851 p.
826 3779 896 3836 232.
923 3784 952 3833 et
979 3772 1130 3849 (indicante
1158 3775 1351 3858 BIomfieldio)

160 3875 249 3924 mente
262 3875 426 3925 cunctanter
434 3867 551 3928 reddidi.
579 3869 663 3938 Quod
672 3870 727 3928 loci
778 3869 905 3947 Etymol.
927 3871 1027 3947 Magni
1047 3883 1159 3932 auctore
1179 3895 1206 3950 p.
1227 3885 1278 3949 ΩΟ,
1299 3883 1350 3936 23.

159 3963 381 4020 constitutionem
396 3964 506 4032 attinet,
521 3965 608 4022 satius
619 3966 728 4024 videtur
778 3967 914 4030 tribuitur.
957 3968 1002 4027 ct.
1018 3968 1179 4046 Schweigh.
1194 3973 1228 4028 ad
1241 3975 1349 4034 Atben.

160 4065 207 4110 aut
218 4073 315 4114 omnes
326 4077 420 4130 voees,
441 4067 490 4115 aut
503 4058 620 4131 nullam,
638 4063 729 4119 nomi·
778 4065 848 4125 VII.
882 4086 908 4141 p.
935 4074 1004 4126 310.
1039 4071 1076 4126 A.
1127 4067 1349 4129 Crassitudinem

160 4150 445 4230 nativocasuponere.
469 4154 728 4233 Blomfieldiuspri·
778 4161 878 4242 horum
898 4162 1023 4238 lapidum
1044 4165 1119 4222 haud
1139 4166 1229 4224 notari
1248 4167 1349 4227 Lector

160 4258 233 4304 oram
248 4248 383 4310 rationem
397 4253 506 4328 probat.
541 4251 726 4313 Schneiderus
778 4260 991 4321 animadvertet.

162 4357 264 4420 quoqne
273 4347 423 4428 doeipopos
434 4369 498 4406 cum
509 4352 727 4426 praecedentibus
817 4355 829 4386 ¹
850 4355 883 4415 L.
897 4363 945 4417 28.
968 4358 1038 4416 Post
1050 4343 1190 4442 dvrrpdpiu
1205 4357 1346 4421 Miillerus

163 4441 359 4515 conjungit3et
368 4445 489 4522 lapidem
499 4447 728 4523 illnmpdyputov
777 4455 907 4526 γογγύλη
937 4457 1004 4512 λίθω
1031 4455 1171 4511 subaudiri
1203 4466 1285 4533 putat
1318 4469 1348 4519 et

166 4527 440 4652 Epirranitidibua‘et
458 4542 604 4620 Epistyliis
621 4548 728 4622 opposi-
776 4548 874 4624 inquit.
917 4546 1074 4622 “Itroelligo
1101 4549 1276 4630 quadrulam‚
1297 4574 1346 4632 cy-

854 4653 924 4714 ΛΑ
980 4655 984 4660 ’
