3204 5104
179 416 306 482 tusce.
326 407 378 500 1.]
767 419 789 478 3

177 589 359 672 dicuntur.
412 587 521 666 Circa
549 589 729 686 sepulcra,
768 613 921 688 quorum
948 595 1117 668 custodes
1139 615 1219 666 esse
1249 595 1377 669 crede-

177 721 323 806 bantur,
346 718 535 816 imprimis,
552 729 677 816 postea
689 731 813 794 autem
830 729 916 794 ante
931 720 1148 818 templorum
1165 720 1376 819 aediumque
1430 755 1433 764 ·

177 852 286 938 fores,
312 848 414 938 vicis,
449 849 527 938 riis,
553 851 733 947 compitis,
759 851 991 926 sistebantur.
1044 851 1219 926 Athenis¹
1242 852 1379 927 inventi

177 995 302 1080 pastea
332 985 379 1056 ud
402 983 491 1057 alias
520 981 628 1056 urbes
658 983 818 1056 transisti
847 983 960 1058 fuisse
989 985 1171 1058 feruntur.
1223 983 1379 1058 Hermus

179 1116 310 1188 mltos
346 1137 420 1188 mre
454 1135 649 1209 expresses
684 1113 804 1186 ridere
834 1113 954 1186 estin
991 1113 1116 1187 Musei
1144 1112 1378 1211 Wersieysui

178 1247 292 1319 classe
332 1245 516 1330 secundo3
559 1267 653 1318 uuus
690 1255 727 1318 et
766 1245 859 1318 alter
902 1246 938 1316 in
988 1243 1123 1318 Museo
1164 1244 1377 1320 Britannico
1503 1290 1510 1303 ·

179 1387 421 1457 asservantur.
532 1429 534 1434 -

254 1521 315 1597 De
345 1521 499 1596 diadema
529 1523 774 1618 inscriptionis
804 1522 1015 1621 ambigitur,
1042 1531 1080 1595 et
1106 1521 1217 1594 multa
1243 1522 1289 1593 de
1318 1520 1375 1594 Si·

179 1679 331 1755 georum
373 1665 453 1728 ortu
488 1655 732 1750 disputantur.
786 1653 949 1753 Sigeum,
994 1662 1035 1727 ut
1070 1653 1268 1741 sidetana
1302 1651 1378 1726 Mi·

179 1787 368 1886 tyienaeis¹
390 1787 588 1874 conditum,
615 1786 825 1860 Pisistratus
848 1787 915 1859 sub
935 1785 1213 1859 Atheniensium
1238 1781 1378 1858 ditione

178 1913 330 2011 redegit.
400 1912 484 1986 Nec
522 1911 571 1986 iiii
607 1915 698 1986 citra
739 1912 821 1986 beili
861 1914 1053 1987 discrimen
1091 1924 1246 1987 tenuere
1256 1940 1268 2000 ;
1312 1912 1375 1986 diu

178 2043 274 2114 enim
297 2042 424 2114 iiscum
459 2041 665 2140 Mitylenaei
694 2045 740 2116 de
767 2044 859 2116 urbe
886 2043 983 2116 bello
1007 2042 1250 2116 decertdrunt.
1302 2041 1378 2115 Sed

177 2171 256 2245 lites
291 2173 437 2245 tandem
473 2195 496 2242 a
532 2171 734 2246 Periandro
769 2172 980 2268 compositas
1014 2182 1112 2259 sunt,
1152 2182 1190 2244 et
1223 2171 1377 2270 Sigeum

177 2304 245 2376 sub
278 2301 558 2376 Atheniensium
590 2301 729 2375 ditione
759 2300 916 2375 mansit³.
969 2301 1190 2388 Pisistratus,
1216 2312 1257 2373 ut
1281 2302 1377 2376 rcri-

178 2435 293 2510 simiie
330 2445 398 2520 est,
441 2435 616 2531 oppidum
665 2433 891 2534 Mitylenaeis
935 2437 1068 2532 eripuit
1108 2437 1205 2510 circa
1235 2459 1374 2510 annum

179 2571 359 2649 n.c.570.
427 2561 499 2634 Sed
543 2563 630 2659 quid
677 2564 755 2635 haec
798 2563 921 2636 omnia
949 2566 996 2636 ad
1029 2565 1127 2637 remi
1172 2564 1232 2638 Dc
1265 2574 1376 2639 aetate

179 2691 424 2792 inscriptionis
455 2691 546 2766 nihil
581 2694 667 2766 satis
696 2705 832 2767 certum
862 2694 1017 2792 proferri
1048 2705 1187 2793 potcst3
1217 2699 1315 2795 quod
1345 2698 1377 2769 si

178 2825 417 2920 proferretur,
453 2820 528 2920 qud
559 2822 721 2897 Deorum
756 2849 827 2922 ope
860 2825 951 2898 seire
978 2850 1169 2923 possumus
1203 2825 1376 2926 Sigeisne

178 2953 434 3049 imperaverint
467 2953 712 3024 Athenienses
749 2977 796 3025 ne
832 2954 919 3049 quid
959 2952 1075 3050 patrid
1116 2951 1244 3050 liuguh
1287 2953 1376 3024 scri·

178 3081 331 3156 berent?
374 3106 447 3178 quo
488 3097 637 3154 auctore
685 3080 929 3180 intelligimus,
971 3080 1188 3178 praesidione
1231 3089 1376 3156 tanturm

178 3215 356 3310 imposito,
412 3213 537 3284 urbem
590 3234 733 3307 semper
779 3213 1023 3285 Athenienses
1081 3212 1277 3300 tenuerint,
1326 3235 1375 3285 an

177 3365 221 3414 cx
234 3341 390 3412 Athenis
408 3341 528 3412 muitae
547 3339 692 3412 femiiiae
715 3339 864 3439 Sigeum
880 3342 1209 3441 commigraverint,
1236 3363 1373 3426 secum,

97 3497 100 3506 ·
178 3493 304 3544 noram
338 3467 513 3565 linguam,
543 3490 674 3552 mores,
710 3469 827 3540 cuitus
862 3468 1073 3543 inferentes.
1125 3470 1218 3561 Ques
1251 3471 1374 3544 omnia

177 3600 205 3670 si
232 3599 431 3680 sciremus,
471 3596 541 3668 ntia
578 3607 697 3669 tamen
741 3609 777 3669 et
824 3598 958 3696 majora
1000 3603 1197 3696 quaerendo
1239 3610 1372 3673 essent.

177 3725 289 3822 Sigei,
327 3735 450 3820 utpote
481 3725 515 3794 in
560 3748 670 3818 parvo
704 3724 983 3821 municipsiique
1020 3725 1152 3823 oppido
1184 3728 1371 3824 degentes,

216 4038 223 4066 ¹
247 4038 370 4094 Pausun.
389 4035 442 4092 lV.
466 4040 515 4093 33.
536 4031 618 4089 Ίόντι
641 4033 671 4090 δὲ
695 4035 748 4102 τήν
799 4032 842 4090 sui
875 4037 954 4113 nuper*
980 4031 1092 4092 τούτων
1125 4036 1317 4109 μεμαθήκασιν
1344 4046 1370 4098 οἱ

175 4131 223 4188 ἀπ’
231 4131 383 4210 Ἀρκαδίας
393 4127 420 4186 ds
432 4126 569 4202 Μεγάλην
577 4127 659 4186 πόλιν
668 4126 748 4186 ἐστὶν
797 4132 891 4188 ἄλλοι.

174 4227 204 4282 e'v
228 4231 290 4282 ruis
316 4224 414 4281 πύλαις
441 4225 555 4303 Ἑρμῆς,
579 4221 670 4304 τέχνη
695 4225 746 4292 τῆς

177 4322 312 4389 Arnensis.
354 4321 508 4390 Ἀθηναίων
521 4323 576 4400 γάρ
593 4322 630 4377 ro*
644 4321 746 4402 σχῆμα
837 4275 962 4332 ’strab'
979 4273 1062 4333 xm·
1078 4293 1106 4349 P·
1123 4279 1191 4344 599·

179 4413 214 4472 τό
228 4413 407 4495 τετράγωνόν
417 4414 549 4473 ε’στινέπὶ
564 4423 623 4471 τοῖς
634 4415 747 4494 Ἑρμαῖς
839 4420 850 4450 ³
872 4414 974 4472 Herod.
994 4415 1031 4472 V.
1046 4422 1095 4486 94,
1110 4423 1159 4482 95.
