3158 5104
170 371 291 444 insen.
311 377 424 458 vui]
742 387 788 464 73

466 681 622 765 Cares.
642 683 707 765 ΙΙ.
743 684 898 768 Inecn.
916 687 1049 768 VIII.

392 867 504 940 VAS
558 869 1135 946 DODWELMANUM.

617 1065 911 1156 TAB.1x.F10.1.
1026 1020 1039 1066 i

673 1250 847 1286 -0—

170 1387 292 1456 Moses.
320 1387 407 1454 con.
436 1387 510 1456 Vas.
532 1387 618 1455 Tan.
643 1384 709 1452 ΙΙΙ.
761 1371 1209 1458 Dodwe11.'11in.Tom.ll.
1238 1413 1272 1475 p.
1288 1396 1359 1462 197,

215 1489 374 1674 {zebiano
393 1487 488 1556 Deux
507 1489 629 1554 Lettrea
647 1512 664 1552 a
679 1486 827 1571 Mylmd
842 1489 956 1556 Comle
974 1485 1280 1572 d’Aberdeen,Tab.
1294 1484 1358 1586 111.

234 1753 318 1834 Vns
342 1757 457 1832 hocce
478 1757 756 1854 pulcherrimum
779 1761 815 1833 in
842 1762 923 1836 vico
948 1763 1006 1836 cui
1035 1787 1167 1836 nornen
1192 1759 1355 1834 Maricae

167 1909 280 1984 prope
297 1887 515 1962 Corinthum
532 1911 555 1959 a
571 1885 706 1963 Judaeo
732 1891 888 1987 quodam
910 1891 1095 1977 effossum,
1114 1891 1241 1966 viatori
1266 1891 1361 1964 ceie-

166 2016 324 2090 berrirno
356 2016 425 2091 Ed.
453 2017 621 2092 Dodweli
649 2020 832 2093 venditum
862 2031 925 2094 est.
982 2022 1053 2094 Vas
1080 2045 1103 2095 e
1131 2033 1229 2094 terra
1255 2031 1362 2094 cocta

165 2147 323 2223 affictam
340 2158 409 2237 est,
440 2160 488 2236 et,
507 2149 637 2248 judice
669 2150 884 2236 Dodweliio‚
911 2149 1072 2223 omnium
1096 2150 1217 2222 adhuc
1240 2173 1362 2245 reper-

163 2287 281 2350 torum
298 2276 587 2376 antiquissimum
615 2287 687 2354 eet.
737 2278 834 2368 Quid
862 2280 909 2352 de
935 2279 992 2353 hia
1010 2279 1104 2352 vasis
1130 2281 1361 2356 statuendum

166 2407 223 2494 sit,
245 2407 419 2504 expeditu
445 2393 703 2478 difficillimum.
756 2405 958 2495 Passeriue,
987 2407 1254 2484 Hancarvillius
1285 2409 1365 2484 alii·

166 2557 239 2631 qne
263 2533 381 2607 'varias
407 2555 633 2630 proposuere
661 2513 871 2623 sententiae,
893 2559 1047 2633 quarum
1078 2538 1190 2627 nulia,
1219 2561 1278 2614 mc
1298 2539 1363 2638 ju-

164 2666 258 2753 dice,
274 2665 456 2738 audienda
473 2675 539 2738 est.
594 2663 862 2740 Hancarviiliue
878 2669 1022 2763 quidem
1041 2655 1199 2765 picturas
1215 2671 1365 2746 invasis

166 2806 379 2893 conspectas
412 2819 524 2891 poenc
560 2795 850 2896 Hierogiyphica
879 2801 1146 2900 significatione
1180 2805 1362 2892 donavst',

166 2938 203 3000 et
220 2927 316 2998 hanc
331 2935 445 2998 artem
471 2935 557 2998 ante
575 2926 727 2999 Romam
755 2929 961 3002 conditam·
986 2941 1109 3004 notam
1132 2956 1213 3005 ease
1242 2944 1359 3030 putat.

164 3061 305 3134 Contra
337 3057 391 3130 vir
421 3058 549 3131 doctus
577 3057 626 3135 R.
654 3059 814 3134 Christie
849 3083 969 3156 nuper
1000 3061 1177 3161 diveraam
1209 3064 1361 3136 omnino

163 3189 316 3290 protulit
329 3189 559 3262 sententiam.
611 3186 723 3260 Putat
740 3188 877 3264 n'licet
894 3190 1014 3261 omnia
1032 3209 1116 3286 quae
1134 3189 1170 3262 in
1194 3189 1250 3262 his
1267 3190 1370 3300 vasis⁸

164 3315 439 3416 conspiciuntur
454 3317 502 3388 ab
520 3314 761 3388 Eleusiniacic
781 3317 997 3390 adumbrata
1014 3340 1104 3390 esse.

215 3445 388 3520 Profecto
415 3443 620 3544 Myslarunr
647 3445 761 3519 oculis
788 3448 986 3520 horrendas
1014 3451 1187 3544 quaedam
1219 3451 1360 3546 species

165 3598 310 3672 semper
327 3572 365 3644 in
391 3569 584 3644 Eleusiniis
611 3568 721 3672 objici
748 3572 862 3646 solere
883 3572 969 3646 eatis
993 3571 1193 3671 cognitum.
1246 3575 1361 3648 “Les

167 3701 378 3800 principaun
400 3699 556 3797 objeis,”
582 3699 702 3796 inquit
728 3700 882 3774 eximius
907 3702 1055 3798 quidam
1090 3703 1245 3798 scriptor
1272 3705 1361 3778 Gai·

167 3821 283 3923 licus.³
309 3833 484 3906 “etoient
509 3833 572 3904 dee
592 3831 773 3906 iantomee
791 3844 901 3930 ayant
918 3834 953 3906 Ia
979 3833 1097 3932 figure
1121 3839 1168 3908 de
1190 3839 1296 3910 chien
1322 3851 1361 3911 et

210 4086 220 4118 ¹
235 4071 283 4134 CI.
300 4066 481 4132 Hanca'rvill.
502 4071 581 4133 coll.
606 4073 702 4150 Antiq.
725 4093 741 4132 e
792 4076 836 4134 vir
849 4095 867 4132 a
880 4073 900 4132 l’
910 4076 1024 4136 histoire
1037 4077 1071 4134 de
1082 4075 1111 4134 ia
1124 4077 1241 4156 religion
1254 4093 1361 4141 secrete

169 4187 240 4228 raus.
259 4170 299 4228 G.
309 4167 469 4228 Hamilcon.
483 4170 566 4228 Tom.
577 4169 616 4230 V.
630 4189 658 4246 p.
668 4179 739 4232 204.
789 4169 837 4232 dee
852 4173 964 4232 anciens
979 4173 1092 4250 peuples
1102 4173 1205 4248 (Paris.
1217 4179 1317 4252 1784.)
1332 4200 1361 4253 p.

168 4273 197 4321 et
208 4266 236 4322 in
251 4263 383 4340 Append.
404 4265 460 4324 No.
470 4265 509 4322 V.
789 4274 859 4327 214.
870 4266 916 4324 val
928 4268 957 4325 in
970 4269 1093 4326 secanda
1104 4269 1225 4329 editione
1238 4273 1282 4330 cui
1295 4271 1362 4331 titu-

209 4358 220 4390 ²
240 4359 282 4419 Id.
297 4358 367 4416 ibid.
379 4360 418 4418 11.
439 4379 468 4434 p.
482 4367 547 4429 109.
788 4361 842 4432 ius,
855 4361 995 4438 Mystcres
1005 4363 1041 4419 du
1053 4363 1222 4438 Paganisme
1232 4370 1263 4440 (2
1274 4361 1360 4426 Tom.

208 4451 221 4481 ³
240 4453 297 4514 Sta.
318 4455 416 4518 Croix.
434 4455 587 4517 Memoires
600 4475 671 4534 pour
683 4476 740 4517 ser·
789 4456 880 4520 Paris.
897 4463 997 4532 1817.)
1010 4459 1095 4519 Tam.
1111 4461 1131 4516 1.
1146 4481 1173 4536 p.
1186 4465 1254 4520 ³53.

1068 4547 1097 4609 K
