3218 5116
205 378 335 446 Isson.
356 334 470 457 vlit]
690 395 695 404 ·
792 381 860 466 197

206 557 245 622 et
265 547 440 644 ¹centhos¹
458 547 603 630 *ferreos
629 547 726 622 houd
753 574 820 627 suo
845 547 925 624 loco
951 548 1097 646 positos.

281 689 292 718 ·
319 676 439 775 Super
464 677 642 776 porticum
666 677 886 776 Cecropium
912 701 1037 754 versus
1067 685 1210 777 oportet
1236 702 1283 753 111
1307 677 1406 754 lucu·
1526 683 1531 692 '

206 814 217 850 ⁸
254 808 383 882 naris³
409 833 454 882 es
485 833 536 883 sc.
567 833 651 907 quse
684 809 886 886 simulacris
920 810 1102 904 insistunt,
1141 811 1327 914 elaborare
1369 815 1406 887 in

207 939 396 1039 superiore
420 952 535 1039 perte,
560 942 672 1041 longe
696 966 777 1024 rtur¹
797 945 897 1040 ped„
925 951 962 1016 et
987 942 1060 1017 lota
1086 967 1110 1018 r
1133 945 1218 1040 ped.

281 1084 295 1112 '
314 1069 453 1148 Flores³
464 1072 527 1173 qui
540 1072 712 1172 epistyliis
725 1074 977 1174 insculpantur
990 1073 1176 1151 elaborare
1191 1073 1409 1172 operiebar.

288 1201 500 1278 Marmorea
549 1227 657 1298 opero
691 1204 841 1277 omnino
882 1203 1046 1300 perfecto
1086 1205 1187 1307 humi
1229 1203 1410 1302 jacentia.

210 1399 309 1458 forsan
330 1400 403 1477 quod
420 1397 505 1481 piscis
528 1400 570 1458 its
588 1399 681 1458 vocsti
702 1409 786 1478 typus
837 1400 1077 1476 neighaeuseruse
1092 1400 1256 1461 Dioscoride
1265 1403 1342 1476 (Lib.
1354 1404 1416 1467 lv.

212 1505 299 1556 esset.
341 1495 397 1554 Sed
410 1495 564 1554 notandum
582 1514 690 1575 quoque
709 1515 788 1556 coro-
837 1514 863 1556 c.
892 1493 941 1556 56.
968 1497 1014 1556 ed.
1042 1497 1143 1560 Colon.
1175 1503 1277 1575 1529.)
1299 1497 1412 1582 κάλχην

212 1607 260 1646 nae
281 1595 310 1647 et
331 1585 453 1647 alierum
475 1589 597 1666 partium
620 1599 787 1648 ornamenta
837 1593 1101 1672 chrysanthemum
1114 1613 1175 1654 sose
1189 1593 1306 1672 colligit.
1341 1595 1413 1654 Sch-

214 1687 301 1744 rubro
313 1705 388 1763 saepe
398 1686 490 1746 colore
500 1688 585 1766 pingi,
599 1690 671 1767 quoti
680 1687 786 1747 iactum
836 1689 962 1747 neiderus
991 1687 1039 1764 (nd
1067 1687 1181 1748 Vitruv.
1211 1689 1265 1747 tv.
1296 1697 1321 1751 1.
1352 1694 1413 1765 11.)
1450 1756 1458 1771 ι

215 1784 314 1862 notayi
335 1785 365 1844 in
391 1786 545 1866 Propylaeis
559 1783 789 1847 'Atheniensibus
840 1784 950 1844 volutes
969 1791 1019 1842 aut
1038 1783 1142 1843 helices
1159 1783 1271 1844 Atticos
1290 1785 1413 1844 artifices

216 1891 248 1943 et
256 1882 286 1940 in
296 1899 400 1947 corone
409 1883 506 1960 templi
517 1885 672 1944 Nemeseos
680 1883 792 1945 Rhom—
840 1877 1414 1962 dixissero'txesdnceteodemuocabulo,

192 1979 315 2038 musice.
359 1979 489 2038 Marmor
513 1981 554 2038 ite
580 1981 699 2040 tinctum
723 1980 793 2037 adeo
842 1992 896 2048 quo
915 1990 1001 2050 genus
1015 1991 1200 2049 purpurarum
1215 1975 1262 2034 vel
1274 1978 1413 2037 muricum
1500 1990 1511 2009 ·

216 2076 321 2134 durum
341 2085 386 2134 est
405 2086 437 2132 ut
454 2074 472 2131 ὲ
489 2083 614 2148 tempore
635 2073 710 2129 haud
733 2089 795 2127 cor·
844 2067 1032 2140 designarunt,
1043 2071 1114 2126 etsd
1124 2081 1250 2128 nostrum
1258 2071 1351 2131 locum
1361 2073 1414 2131 mi·
1454 2112 1465 2143 o

218 2178 336 2240 ruptum
357 2185 442 2240 suprs
461 2165 532 2224 ulios
556 2175 649 2240 partes
673 2163 794 2222 eminere
843 2169 921 2216 retur
938 2157 1065 2216 volutum
1085 2162 1114 2217 in
1134 2164 1280 2239 Epistyliis
1302 2167 1414 2226 Derieis

219 2261 311 2322 aiam
319 2258 545 2321 hodiesidestur.
568 2259 613 2315 De
623 2255 795 2314 ornamentis
845 2253 986 2312 collocari.
1038 2254 1177 2314 Nostrum
1207 2276 1247 2318 sc.
1276 2262 1414 2336 templum

221 2357 278 2412 hoc
286 2349 479 2412 coloretinetis
487 2350 541 2408 hoc
550 2349 579 2408 in
589 2349 650 2408 loco
661 2349 706 2426 agi
717 2356 797 2423 puts·
847 2347 944 2407 Dorici
952 2345 1119 2406 ordinisesse
1131 2351 1416 2424 putetvircelsnescio

221 2469 295 2522 rem,
313 2447 364 2507 nisi
378 2466 489 2524 semper
506 2446 572 2505 slibi
587 2447 705 2505 verbum
716 2445 797 2526 ἐξερ·
847 2463 900 2522 quo
910 2441 1100 2520 poctofelsus!
1116 2442 1418 2523 Volutemquoquein-

220 2549 347 2628 ᾳαζομαι
370 2548 406 2606 <lc
431 2546 580 2604 marmoris
606 2543 795 2604 elaboratione
845 2552 1012 2620 terpretetur
1022 2540 1136 2602 Fiorilto
1148 2539 1263 2620 (Kleine
1277 2543 1417 2604 Schriften

220 2644 389 2708 diceretur.''
439 2643 509 2701 llaec
531 2640 693 2700 Wilkinsius
720 2639 794 2718 apud
844 2643 880 2701 T.
890 2643 948 2718 l.p.
964 2646 1041 2719 142.)
1054 2640 1090 2702 cs.
1103 2639 1418 2720 Schneid.ed0ppieu.

221 2742 405 2818 Wslpolium,
438 2741 486 2798 sed
517 2739 599 2799 hodie
623 2722 675 2798 ine
706 2738 793 2798 literis
844 2741 969 2803 Halieut.
985 2763 1013 2819 p.
1026 2748 1096 2809 387.
1147 2740 1250 2800 Nescio
1268 2760 1304 2800 an
1318 2745 1416 2826 κάλχη

221 2839 312 2899 MSS.
332 2849 428 2900 monet
449 2835 560 2918 κόλχην
580 2837 656 2896 eliud
679 2837 794 2895 omnino
845 2840 941 2898 iiossit
950 2840 1068 2914 quentin
1080 2839 1176 2898 multis
1186 2840 1305 2913 gemmis
1315 2841 1418 2900 Atticis

220 2933 378 3010 significare
402 2933 509 3000 videri;
540 2929 666 3010 “κα’λχη
692 2928 795 3000 enim,'‘
844 2933 971 2990 videmus
992 2946 1021 2992 et
1041 2951 1059 2990 e
1081 2952 1135 3010 quo
1155 2935 1312 2997 derivatam
1338 2917 1418 3014 putei

221 3033 270 3103 ait,
289 3027 439 3107 (Stephani
459 3023 551 3084 verbis
569 3029 646 3097 usus)
659 3023 738 3090 “flos
753 3032 796 3078 est
846 3027 977 3084 Clerkius
1017 3029 1141 3088 ionicam
1178 3031 1305 3090 volutem
1338 3037 1417 3108 (ltin.
1443 3031 1453 3052 ⁰

220 3121 712 3208 velanimelquopurpuratingitur.
727 3121 794 3180 laur
845 3123 928 3182 Tom.
951 3123 1005 3182 Vl.
1034 3123 1131 3198 Praes.)
1181 3127 1226 3186 De
1252 3128 1305 3186 hoc
1332 3129 1445 3213 vetbo'

219 3230 250 3286 in
274 3223 422 3302 Epistyliis
444 3221 527 3298 hujus
549 3219 671 3296 porticus
698 3215 794 3275 circuli
846 3219 995 3298 Mulierus.
1036 3226 1055 3258 “
1066 3223 1132 3281 Jam
1143 3224 1226 3301 igitur
1236 3245 1338 3307 nomeu
1352 3247 1419 3311 corp.

220 3329 288 3382 sunt
324 3318 451 3397 projecti,
491 3337 560 3396 quos
597 3315 794 3378 Architectum
843 3317 993 3378 cholerum
1008 3321 1201 3397 adoptandum
1218 3337 1262 3384 est
1275 3316 1310 3386 d'e
1326 3329 1418 3407 srelp

221 3417 359 3494 sculpere,
385 3426 414 3476 et
439 3416 582 3487 Rosettes,
608 3413 680 3492 quod
705 3415 793 3485 aiunt,
844 3425 919 3484 turs,
946 3435 1031 3494 quum
1068 3418 1134 3476 Itali
1160 3418 1183 3477 il
1206 3422 1295 3493 ovalo,
1329 3425 1417 3484 nostri

221 3517 314 3575 iacere
340 3509 414 3571 velle
439 3531 488 3589 pro
522 3521 666 3588 comperto
693 3511 794 3580 haheo,
818 3509 954 3596 ‘inficete
973 3530 1032 3596 'ove
1052 3523 1080 3570 et
1100 3513 1201 3590 ligulas
1218 3519 1389 3593 serpentium
1403 3524 1420 3548 ”

200 3609 288 3687 'quia
305 3609 335 3666 in
354 3607 579 3684 antepagmentis
599 3615 628 3665 et
641 3603 794 3684 superciliis
843 3607 985 3683 (Anglice,
999 3629 1067 3687 eggs
1080 3611 1136 3666 ond
1145 3611 1221 3689 dart)
1237 3615 1416 3690 “appellant
1459 3624 1467 3640 ·

222 3705 286 3766 ostii
299 3705 371 3762 henr
385 3721 445 3760 rem
460 3703 565 3761 iactam
579 3721 640 3761 esse
653 3701 699 3759 vel
712 3701 795 3760 hodie
845 3704 938 3782 Hujus
959 3712 1054 3763 autem
1069 3689 1124 3764 duo
1137 3715 1164 3766 et
1182 3707 1293 3768 diverse
1310 3709 1339 3769 in
1357 3712 1418 3772 aede

221 3799 378 3862 videmus?
420 3799 491 3858 Hac
523 3798 579 3859 ille.
631 3797 794 3877 Hesychius
845 3803 898 3860 hac
932 3817 1082 3860 occurrunt
1112 3822 1222 3879 genere.
1282 3805 1329 3870 Cf.
1363 3810 1418 3869 has

221 3899 346 3978 proiecto
361 3864 795 3979 intetalis‚·ltltys1v‚ssordnos
844 3901 918 3962 st.
935 3918 1043 3959 xxrrr.
1067 3908 1093 3960 1.
1104 3903 1124 3962 i.
1146 3909 1175 3962 2.
1187 3923 1227 3966 m.
1240 3907 1321 3980 4.p.''
1381 3929 1387 3942 ·

221 3991 382 4077 ἀνθοφόρον
395 4009 457 4051 esse
471 3991 547 4062 dicit,
568 3999 596 4048 et
612 3988 794 4047 Cessuhnnus

223 4092 260 4149 sd
277 4090 414 4149 Nicandri
426 4089 521 4148 locum
538 4086 612 4162 opud
623 4087 794 4144 Athenaeum
885 4079 1080 4140 ⁴Willrinsius
1131 4081 1226 4139 literas
1281 4085 1417 4160 quasdam

225 4185 297 4245 XV.
327 4205 355 4261 p.
375 4171 445 4242 684.
479 4179 627 4258 parvulam
654 4179 795 4256 quandam
845 4187 909 4254 post
927 4177 979 4238 iio
999 4178 1027 4236 in
1042 4195 1184 4236 marmore
1203 4175 1272 4235 olim
1293 4180 1419 4242 extitisse
1450 4256 1455 4266 Ι

223 4282 343 4341 herbum
362 4301 421 4342 esse
438 4282 530 4354 docet,
549 4280 626 4356 cujus
647 4279 745 4346 florem
765 4280 795 4344 in
845 4287 935 4354 putet,
954 4279 988 4336 de
1004 4297 1061 4356 qun
1077 4296 1106 4335 re
1121 4296 1173 4353 ego
1192 4277 1297 4338 dubito.
1310 4260 1323 4370 ι’
1338 4281 1418 4340 Alibi

226 4376 694 4454 scrtsetcoronementslegehaht.
716 4377 796 4438 Idem
846 4375 875 4433 in
902 4375 956 4434 hec
978 4373 1155 4454 inscriptione
1180 4373 1249 4434 nihil
1274 4383 1336 4451 post
1361 4373 1415 4438 ἔδει

227 4477 265 4534 ed
285 4477 395 4537 Athen.
421 4477 492 4536 XV.
511 4473 585 4544 682.
607 4480 644 4534 A.
686 4474 798 4558 χάλκην
847 4471 974 4548 ponitur;
1008 4492 1058 4532 nec
1090 4471 1160 4529 rnihi
1194 4469 1297 4554 aliquid
1324 4474 1418 4534 deesse

229 4569 382 4642 scribentes
418 4571 600 4649 reprehendit,
639 4571 686 4631 ubi
727 4572 799 4631 Sch·
847 4569 968 4634 ridetur.
